{1:F01INGBNL2ABXXX0000000000}
{2:I940INGBNL2AXXXN}
{4:
:20:P230818000000001
:25:NL50INGB0008762876EUR
:28C:00000
:60F:C230731EUR244,78
:61:2308170817C500,00NTRFNONREF//23229388247495
/TRCD/00112/
:86:/CNTP/NL30INGB0656440287/INGBNL2A/Hr AJ Starrenburg//
:61:2308170817D19,36NTRFEREF//23229014185866
/TRCD/00106/
:86:/EREF/17-08-2023 11:37 0170008685039784//CNTP/NL92BNPA0227680
677/BNPANL2A/T-Mobile Netherlands B.V.///REMI/USTD//5414547302 01
70008685039784 T-Mobile betaling (1.20539328) T-Mobile/
:61:2308170817C45980,00NTRFNONREF//23229042920770
/TRCD/00112/
:86:/CNTP/NL43INGB0004101376/INGBNL2A/Mw ECAL Visser///REMI/USTD/
/Commercial GGZ  inv nr 202304/
:61:2308170817D68,64NDDTEREF//23229532043665
/TRCD/01018/
:86:/EREF/220026285607//MARF/200001056277//CSID/NL03ZZZ3012435800
00//CNTP/NL59ABNA0590849875/ABNANL2A/NS GROEP IZ NS REIZIGERS///R
EMI/USTD//Factuur: 450011377841//PURP/OTHR/
:61:2308170817D3,49NDDTEREF//23229541173655
/TRCD/01018/
:86:/EREF/CK6HB3CSR2ZNWRP52C//MARF/BRDNXLV4S5H89VB2//CSID/NL48ZZZ
342764500000//CNTP/NL97DEUT7370000249/DEUTNL2AXXX/SKYSHOWTIME///R
EMI/USTD//SKYSHOWTIME F528F NL//ULTC/ADYEN N.V.//
:61:2308160816C11500,00NTRFNONREF//23228377755944
/TRCD/00112/
:86:/CNTP/NL30INGB0656440287/INGBNL2A/Hr AJ Starrenburg//
:61:2308020802D228,09NDDTEREF//23214340719671
/TRCD/01018/
:86:/EREF/411000495391//MARF/037111770001//CSID/NL54ZZZ5351425400
00//CNTP/NL77BNPA0227731387/BNPANL2AXXX/car2go Nederland B.V.///R
EMI/USTD//Klant 0003711177, zie betalingsmelding (email)//PURP/OT
HR/
:61:2308020802D2,99NDDTEREF//23214500625837
/TRCD/01018/
:86:/EREF/STR16NAOLZH994OGBOCWRRANIVEDMZZQ2P//MARF/TPPRRWDANAFTYF
H0//CSID/DE24ZZZ00000561652//CNTP/IE30CITI99005132956548/STTOIE22
/Amazon EU SARL///REMI/USTD//AmazonPrime/
:62F:C230817EUR57902,21
:64:C230817EUR57902,21
:65:C230818EUR57902,21
:65:C230819EUR57902,21
:86:/SUM/5/3/322,57/57980,00/
-}