{1:F01INGBNL2ABXXX0000000000}
{2:I940INGBNL2AXXXN}
{4:
:20:P230818000000001
:25:NL50INGB0008762876EUR
:28C:00000
:60F:C230630EUR14,16
:61:2307310731D1200,00NTRFNONREF//23212056163664
/TRCD/00112/
:86:/CNTP/NL73INGB0004555669/INGBNL2A/A.J. Starrenburg//
:61:2307280728D18,15NTRFNONREF//23209256078293
/TRCD/00112/
:86:/CNTP/NL15INGB0652984932/INGBNL2A/Stichting Beheer Derdengeld
en Cannock Outsourcing///REMI/USTD//X49890724/
:61:2307270727D2500,00NTRFNONREF//23208166080391
/TRCD/00100/
:86:/CNTP/NL73INGB0004555669/INGBNL2A/A.J. Starrenburg//
:61:2307260726D22,65NCHGEREF//23207550731358
/TRCD/09001/
:86:/EREF/3915a4a85d714c0eb10f49a50b8baa98//REMI/USTD//Kosten Zak
elijk Betalingsverkeer   Factuurnr. 2102584363              Betre
ft IBAN: NL50INGB0008762876   Periode: 01-06-2023 / 30-06-2023/
:61:2307240724D59,90NDDTEREF//23205530954797
/TRCD/01018/
:86:/EREF/037U000855265149//MARF/000864641400115102019090231230//
CSID/NL30ZZZ333034790000//CNTP/NL98INGB0000845745/INGBNL2A/ZIGGO 
SERVICES BV///REMI/USTD//Klant Nr XXXXXX414/XXXXXX037 Juli Factuu
r Nr 315246966266 zie ziggo.nl/mijnziggo/
:61:2307220722D2000,00NTRFNONREF//23203345791733
/TRCD/00112/
:86:/CNTP/NL73INGB0004555669/INGBNL2A/A.J. Starrenburg//
:61:2307190719D19,36NTRFEREF//23200586082483
/TRCD/00106/
:86:/EREF/19-07-2023 16:53 0170008559509206//CNTP/NL92BNPA0227680
677/BNPANL2A/T-Mobile Netherlands B.V.///REMI/USTD//5414311553 01
70008559509206 T-Mobile betaling (1.20539328) T-Mobile/
:61:2307190719D58,69NTRFEREF//23200295187355
/TRCD/00106/
:86:/EREF/19-07-2023 14:24 0180320028043581//CNTP/NL04ADYB2017400
157/ADYBNL2A/Hostnet///REMI/USTD//RPH7FFFZ5R6Q4932JDK5 0180320028
043581 hostnet.nl/
:61:2307180718D1000,00NTRFNONREF//23199154607756
/TRCD/00112/
:86:/CNTP/NL73INGB0004555669/INGBNL2A/A.J. Starrenburg//
:61:2307180718D302,50NTRFEREF//23199274227538
/TRCD/00106/
:86:/EREF/18-07-2023 11:44 0370673460669900//CNTP/NL81RABO0120668
343/RABONL2U/Holthaus Advies B.V.///REMI/USTD//2144173812X78363 0
370673460669900 20329 - 2023-3559/
:61:2307180718D3,49NDDTEREF//23199480549580
/TRCD/01018/
:86:/EREF/CS9KW22M2MZMH8C52C//MARF/BRDNXLV4S5H89VB2//CSID/NL48ZZZ
342764500000//CNTP/NL97DEUT7370000249/DEUTNL2AXXX/SKYSHOWTIME///R
EMI/USTD//SKYSHOWTIME 51A2B NL//ULTC/ADYEN N.V.//
:61:2307140714D9999,00NTRFNONREF//23195446865270
/TRCD/00112/
:86:/CNTP/NL30INGB0656440287/INGBNL2A/A.J. Starrenburg//
:61:2307140714D58,50NDDTEREF//23195501954063
/TRCD/01018/
:86:/EREF/230706NL54RABO03170004300001000018//MARF/back73505587//
CSID/NL35ZZZ659587130000//CNTP/NL54RABO0317642170/RABONL2U/Swapfi
ets B.V.///REMI/USTD//8770/23509547 07-2023/
:61:2307140714D28,73NDDTEREF//23195541033081
/TRCD/01018/
:86:/EREF/240027124052//MARF/200001056277//CSID/NL03ZZZ3012435800
00//CNTP/NL59ABNA0590849875/ABNANL2A/NS GROEP IZ NS REIZIGERS///R
EMI/USTD//Factuur: 450010932573//PURP/OTHR/
:61:2307130713C17500,00NTRFNONREF//23194456987418
/TRCD/00112/
:86:/CNTP/NL30INGB0656440287/INGBNL2A/Hr AJ Starrenburg//
:61:2307130713D1285,84NTRFNONREF//23194406754886
/TRCD/00112/
:86:/CNTP/NL63DEUT0265188040/DEUTNL2A/AMERICAN EXPRESS EUROPE S.A
.///REMI/USTD//375381386771001/
:61:2307130713C1300,00NTRFNONREF//23194336738334
/TRCD/00112/
:86:/CNTP/NL30INGB0656440287/INGBNL2A/Hr AJ Starrenburg///REMI/US
TD//Retiur lening/
:61:2307100710D50,00NTRFNONREF//23191065773689
/TRCD/00112/
:86:/CNTP/NL30INGB0656440287/INGBNL2A/A.J. Starrenburg//
:61:2307090709D25,00NTRFNONREF//23190168251484
/TRCD/00112/
:86:/CNTP/NL30INGB0656440287/INGBNL2A/A.J. Starrenburg//
:61:2307090709D50,00NTRFNONREF//23190394451381
/TRCD/00112/
:86:/CNTP/NL30INGB0656440287/INGBNL2A/A.J. Starrenburg//
:61:2307070707D60,00NTRFNONREF//23188423638819
/TRCD/00112/
:86:/CNTP/NL30INGB0656440287/INGBNL2A/A.J. Starrenburg//
:61:2307070707D70,00NTRFNONREF//23188490352226
/TRCD/00112/
:86:/CNTP/NL30INGB0656440287/INGBNL2A/A.J. Starrenburg//
:61:2307070707D50,00NTRFNONREF//23188490328834
/TRCD/00112/
:86:/CNTP/NL30INGB0656440287/INGBNL2A/A.J. Starrenburg//
:61:2307060706D160,34NDDTEREF//23187615288248
/TRCD/01018/
:86:/EREF/411100614575//MARF/037111770001//CSID/NL54ZZZ5351425400
00//CNTP/NL77BNPA0227731387/BNPANL2AXXX/car2go Nederland B.V.///R
EMI/USTD//Klant 0003711177, zie betalingsmelding (email)//PURP/OT
HR/
:61:2307060706D59,90NDDTEREF//23187615288214
/TRCD/01018/
:86:/EREF/037U000851536400//MARF/000864641400115102019090231230//
CSID/NL30ZZZ333034790000//CNTP/NL98INGB0000845745/INGBNL2A/ZIGGO 
SERVICES BV///REMI/USTD//Klant Nr XXXXXX414/XXXXXX037 Juni Factuu
r Nr 315239587206 zie ziggo.nl/mijnziggo/
:61:2307060706D177,32NTRFNONREF//23187495185631
/TRCD/00100/
:86:/CNTP/NL15RABO0110055888/RABONL2U/Gemeente Amsterdam WPI Debi
teurenbeheer///REMI/USTD//A.J. Starrenburg 20659376/
:61:2307060706C304,00NTRFNONREF//23187604796504
/TRCD/00112/
:86:/CNTP/NL30INGB0656440287/INGBNL2A/Hr AJ Starrenburg//
:61:2307060706C400,00NTRFNONREF//23187384794114
/TRCD/00112/
:86:/CNTP/NL73INGB0004555669/INGBNL2A/Hr AJ Starrenburg///REMI/US
TD//Retour lening/
:61:2307010701D0,01NODCNONREF//23182497856312
/TRCD/09101/
:61:2307010701D4,00NTRFNONREF//23182696791896
/TRCD/00112/
:86:/CNTP/NL30INGB0656440287/INGBNL2A/A.J. Starrenburg//
:61:2307010701D10,00NTRFNONREF//23182405175720
/TRCD/00112/
:86:/CNTP/NL30INGB0656440287/INGBNL2A/A.J. Starrenburg//
:62F:C230731EUR244,78
:64:C230731EUR244,78
:65:C230801EUR244,78
:65:C230802EUR244,78
:86:/SUM/27/4/19273,38/19504,00/
-}