{1:F01INGBNL2ABXXX0000000000}
{2:I940INGBNL2AXXXN}
{4:
:20:P230601000000001
:25:NL50INGB0008762876EUR
:28C:00000
:60F:C221231EUR7000,86
:61:2303300330D20,00NDDTEREF//23089421153291
/TRCD/01018/
:86:/EREF/301-770424-2168//MARF/E2022178066934368//CSID/NL78ZZZ33
2722460000//CNTP/NL63DEUT0265188040/DEUTNL2AXXX/AMERICAN EXPRESS 
EUROPE S.A.///REMI/USTD//3753-813867-71001/
:61:2303280328D16,94NDDTEREF//23087521279296
/TRCD/01018/
:86:/EREF/4406948-22//MARF/4406948//CSID/NL75ZZZ341309930000//CNT
P/NL85INGB0008523141/INGBNL2A/HOSTNET BV///REMI/USTD//Factuur 659
0643 www.hostnet.nl/
:61:2303260326D23,90NCHGEREF//23085490659838
/TRCD/09001/
:86:/EREF/655983be2cf74f46891e1023a495cc27//REMI/USTD//Kosten Zak
elijk Betalingsverkeer   Factuurnr. 2041675667              Betre
ft IBAN: NL50INGB0008762876   Periode: 01-02-2023 / 28-02-2023/
:61:2303240324D19,36NDDTEREF//23083501728420
/TRCD/01018/
:86:/EREF/500926902324//MARF/1.20539328//CSID/NL93ZZZ332656790051
//CNTP/NL12COBA0733959555/COBANL2XXXX/T-MOBILE NETHERLANDS B.V.//
/REMI/USTD//Factuurnummer 901491853992//PURP/OTHR/
:61:2303240324D54,45NDDTEREF//23083491503978
/TRCD/01018/
:86:/EREF/030487449897000//MARF/000864641400115102019090231230//C
SID/NL30ZZZ333034790000//CNTP/NL98INGB0000845745/INGBNL2A/ZIGGO S
ERVICES BV///REMI/USTD//Je klantnummer 8646414 Je factuurnummer 6
09057637 Factuurdatum 20 Maart     2023. Factuur zien? Check: zig
go.nl/mijnziggo/
:61:2303210321D107,91NTRFNONREF//23080215728429
/TRCD/00112/
:86:/CNTP/NL47ABNA0495200816/ABNANL2A/Adfo Groep BV///REMI/USTD//
2210071226/
:61:2303210321D1,21NDDTEREF//23080560825395
/TRCD/01018/
:86:/EREF/4406948-21//MARF/4406948//CSID/NL75ZZZ341309930000//CNT
P/NL85INGB0008523141/INGBNL2A/HOSTNET BV///REMI/USTD//Factuur 657
9076 www.hostnet.nl/
:61:2303200320D790,23NTRFNONREF//23079174661044
/TRCD/00112/
:86:/CNTP/NL35INGB0000099882/INGBNL2A/Anwb///REMI/USTD//14959624/
:61:2303200320D2000,00NTRFNONREF//23079284526247
/TRCD/00112/
:86:/CNTP/NL30INGB0656440287/INGBNL2A/A.J. Starrenburg//
:61:2303200320D58,50NDDTEREF//23079610684262
/TRCD/01018/
:86:/EREF/230313NL54RABO03170001600001000215//MARF/back73505587//
CSID/NL35ZZZ659587130000//CNTP/NL54RABO0317642170/RABONL2U/Swapfi
ets B.V.///REMI/USTD//8770/23503689 Maart 2023/
:61:2303170317D3,49NDDTEREF//23076550631601
/TRCD/01018/
:86:/EREF/CL7H3LNZ3TRSQ8HG2C//MARF/BRDNXLV4S5H89VB2//CSID/NL48ZZZ
342764500000//CNTP/NL97DEUT7370000249/DEUTNL2AXXX/SKYSHOWTIME///R
EMI/USTD//SKYSHOWTIME A1BB3 NL//ULTC/ADYEN N.V.//
:61:2303160316D5,10NDDTEREF//23075530562061
/TRCD/01018/
:86:/EREF/240024921178//MARF/200001056277//CSID/NL03ZZZ3012435800
00//CNTP/NL59ABNA0590849875/ABNANL2A/NS GROEP IZ NS REIZIGERS///R
EMI/USTD//Factuur: 430009685205//PURP/OTHR/
:61:2303140314D20,00NDDTEREF//23073561017270
/TRCD/01018/
:86:/EREF/375381386771001//MARF/E2022178066934368//CSID/NL78ZZZ33
2722460000//CNTP/NL63DEUT0265188040/DEUTNL2AXXX/AMERICAN EXPRESS 
EUROPE S.A.///REMI/USTD//AXP DD Representation/
:61:2303140314D16,94NDDTEREF//23073630528975
/TRCD/01018/
:86:/EREF/4406948-20//MARF/4406948//CSID/NL75ZZZ341309930000//CNT
P/NL85INGB0008523141/INGBNL2A/HOSTNET BV///REMI/USTD//Factuur 656
5185 www.hostnet.nl/
:61:2303120312D200,00NTRFNONREF//23071418231244
/TRCD/00112/
:86:/CNTP/NL30INGB0656440287/INGBNL2A/A.J. Starrenburg//
:61:2303110311D50,00NTRFNONREF//23070237934506
/TRCD/00112/
:86:/CNTP/NL30INGB0656440287/INGBNL2A/A.J. Starrenburg//
:61:2303100310D250,00NTRFNONREF//23069118445774
/TRCD/00112/
:86:/CNTP/NL30INGB0656440287/INGBNL2A/A.J. Starrenburg//
:61:2303100310D100,00NTRFNONREF//23069140592057
/TRCD/00112/
:86:/CNTP/NL30INGB0656440287/INGBNL2A/A.J. Starrenburg//
:61:2303100310D100,00NTRFNONREF//23069600453561
/TRCD/00100/
:86:/CNTP/NL30INGB0656440287/INGBNL2A/A.J. Starrenburg//
:61:2303090309D604,40NTRFEREF//23068085825316
/TRCD/00112/
:86:/EREF/Funda//CNTP/NL83RABO0300522118/RABONL2U/Locdep vof///RE
MI/USTD//RLZ-23003/
:61:2303090309D4242,91NTRFEREF//23068585814271
/TRCD/00112/
:86:/EREF/00230014//CNTP/NL16ABNA0430843232/ABNANL2A/Dutch castin
g agency///REMI/USTD//Funda/
:61:2303090309D4,00NTRFEREF//23068395800280
/TRCD/00112/
:86:/EREF/Funda//CNTP/NL16ABNA0430843232/ABNANL2A/Dutch casting a
gency///REMI/USTD//00230014/
:61:2303090309D96,51NDDTEREF//23068543037527
/TRCD/01018/
:86:/EREF/411100552132//MARF/037111770001//CSID/NL54ZZZ5351425400
00//CNTP/NL77BNPA0227731387/BNPANL2AXXX/car2go Nederland B.V.///R
EMI/USTD//Klant 0003711177, zie betalingsmelding (email)//PURP/OT
HR/
:61:2303090309D177,32NTRFNONREF//23068163025780
/TRCD/00100/
:86:/CNTP/NL15RABO0110055888/RABONL2U/Gemeente Amsterdam WPI Debi
teurenbeheer///REMI/USTD//A.J. Starrenburg 20659376/
:61:2303090309C19360,00NTRFEREF//23068162998731
/TRCD/00100/
:86:/EREF/106771P993.163.120216//CNTP/NL22RABO0344728153/RABONL2U
/Creature Amsterdam B.V.///REMI/USTD//106771/     993  202302 202
302 000993 1055BG Amsterdam/
:61:2303010301D130,00NTRFNONREF//23060237223438
/TRCD/00112/
:86:/CNTP/NL30INGB0656440287/INGBNL2A/A.J. Starrenburg//
:61:2302260226D23,68NCHGEREF//23057380821075
/TRCD/09001/
:86:/EREF/2b07b33a1b874e28afbf759c2bcca65f//REMI/USTD//Kosten Zak
elijk Betalingsverkeer   Factuurnr. 2026460059              Betre
ft IBAN: NL50INGB0008762876   Periode: 01-01-2023 / 31-01-2023/
:61:2302230223D54,45NDDTEREF//23054451140936
/TRCD/01018/
:86:/EREF/030484294063000//MARF/000864641400115102019090231230//C
SID/NL30ZZZ333034790000//CNTP/NL98INGB0000845745/INGBNL2A/ZIGGO S
ERVICES BV///REMI/USTD//Je klantnummer 8646414 Je factuurnummer 6
05430894 Factuurdatum 17 Februari  2023. Factuur zien? Check: zig
go.nl/mijnziggo/
:61:2302220222D2000,00NTRFNONREF//23053315256123
/TRCD/00112/
:86:/CNTP/NL73INGB0004555669/INGBNL2A/A.J. Starrenburg//
:61:2302220222D19,36NDDTEREF//23053520995519
/TRCD/01018/
:86:/EREF/500829412160//MARF/1.20539328//CSID/NL93ZZZ332656790051
//CNTP/NL12COBA0733959555/COBANL2XXXX/T-MOBILE NETHERLANDS B.V.//
/REMI/USTD//Factuurnummer 901488155495//PURP/OTHR/
:61:2302210221D1,21NDDTEREF//23052600806597
/TRCD/01018/
:86:/EREF/4406948-19//MARF/4406948//CSID/NL75ZZZ341309930000//CNT
P/NL85INGB0008523141/INGBNL2A/HOSTNET BV///REMI/USTD//Factuur 652
8013 www.hostnet.nl/
:61:2302200220D139,15NTRFNONREF//23051436952649
/TRCD/00112/
:86:/CNTP/NL92RABO0388239735/RABONL2U/Inclusi///REMI/USTD//22.777
/
:61:2302200220D58,50NDDTEREF//23051331029536
/TRCD/01018/
:86:/EREF/230215NL54RABO03170000900001000327//MARF/back73505587//
CSID/NL35ZZZ659587130000//CNTP/NL54RABO0317642170/RABONL2U/Swapfi
ets B.V.///REMI/USTD//8770/23502071 Februari 2023/
:61:2302180218D302,50NTRFNONREF//23049225609191
/TRCD/00112/
:86:/CNTP/NL18ABNA0555125998/ABNANL2A/Django de Vries///REMI/USTD
//230102/
:61:2302180218D71,16NTRFNONREF//23049565595428
/TRCD/00112/
:86:/CNTP/NL48INGB0697495795/INGBNL2A/Amcar autoverhuur b.v.///RE
MI/USTD//22007580/
:61:2302170217D3,49NDDTEREF//23048601123844
/TRCD/01018/
:86:/EREF/CDQS4R7ND5MTCPK52C//MARF/BRDNXLV4S5H89VB2//CSID/NL48ZZZ
342764500000//CNTP/NL97DEUT7370000249/DEUTNL2AXXX/SKYSHOWTIME///R
EMI/USTD//SKYSHOWTIME D7985 NL//ULTC/ADYEN N.V.//
:61:2302160216D817,09NTRFEREF//23047085308897
/TRCD/00112/
:86:/EREF/Funda//CNTP/NL28KNAB0411593390/KNABNL2H/Lars Postma///R
EMI/USTD//2023001/
:61:2302160216D1906,55NTRFEREF//23047335279935
/TRCD/00112/
:86:/EREF/Funda//CNTP/NL94INGB0709740344/INGBNL2A/Michelle produc
tions///REMI/USTD//23-001/
:61:2302160216D4477,00NTRFNONREF//23047045269926
/TRCD/00112/
:86:/CNTP/NL33BUNQ2042470562/BUNQNL2A/PIXEL PARK STUDIO///REMI/US
TD//2023.105/
:61:2302160216D2478,16NTRFNONREF//23047315258684
/TRCD/00112/
:86:/CNTP/NL24INGB0000456264/INGBNL2A/Holland Locations///REMI/US
TD//0919/
:61:2302160216D38,18NDDTEREF//23047481095924
/TRCD/01018/
:86:/EREF/250001965661//MARF/200001056277//CSID/NL03ZZZ3012435800
00//CNTP/NL59ABNA0590849875/ABNANL2A/NS GROEP IZ NS REIZIGERS///R
EMI/USTD//Factuur: 440008824592//PURP/OTHR/
:61:2302090209D512,61NTRFNONREF//23040266230750
/TRCD/00112/
:86:/CNTP/NL90INGB0007376899/INGBNL2A/Neighbours Kitchen///REMI/U
STD//VF230001/
:61:2302080208D1500,00NTRFNONREF//23039066633701
/TRCD/00112/
:86:/CNTP/NL30INGB0656440287/INGBNL2A/A.J. Starrenburg//
:61:2302050205D100,00NTRFNONREF//23036388247391
/TRCD/00112/
:86:/CNTP/NL30INGB0656440287/INGBNL2A/A.J. Starrenburg//
:61:2302040204D177,32NTRFNONREF//23035432002211
/TRCD/00100/
:86:/CNTP/NL15RABO0110055888/RABONL2U/Gemeente Amsterdam WPI Debi
teurenbeheer///REMI/USTD//A.J. Starrenburg 20659376/
:61:2302030203D500,00NTRFNONREF//23034017314561
/TRCD/00112/
:86:/CNTP/NL30INGB0656440287/INGBNL2A/A.J. Starrenburg//
:61:2302030203D500,00NTRFNONREF//23034430381962
/TRCD/00112/
:86:/CNTP/NL30INGB0656440287/INGBNL2A/A.J. Starrenburg//
:61:2302020202D185,62NDDTEREF//23033490754563
/TRCD/01018/
:86:/EREF/411000351473//MARF/037111770001//CSID/NL54ZZZ5351425400
00//CNTP/NL77BNPA0227731387/BNPANL2AXXX/car2go Nederland B.V.///R
EMI/USTD//Klant 0003711177, zie betalingsmelding (email)//PURP/OT
HR/
:61:2302010201D20,00NDDTEREF//23032461215454
/TRCD/01018/
:86:/EREF/301-736450-2155//MARF/E2022178066934368//CSID/NL78ZZZ33
2722460000//CNTP/NL63DEUT0265188040/DEUTNL2AXXX/AMERICAN EXPRESS 
EUROPE S.A.///REMI/USTD//3753-813867-71001/
:61:2301310131D102,00NTRFNONREF//23031176268766
/TRCD/00112/
:86:/CNTP/NL95ABNA0542782138/ABNANL2A/Scooter Arena///REMI/USTD//
23107622/
:61:2301310131D1000,00NTRFNONREF//23031185906675
/TRCD/00112/
:86:/CNTP/NL73INGB0004555669/INGBNL2A/A.J. Starrenburg//
:61:2301310131D1593,00NTRF6859552451201300//23031215903637
/TRCD/00112/
:86:/CNTP/NL86INGB0002445588/INGBNL2A/Belastingdienst Apeldoorn//
:61:2301310131D47,19NDDTEREF//23031520663468
/TRCD/01018/
:86:/EREF/4406948-18//MARF/4406948//CSID/NL75ZZZ341309930000//CNT
P/NL85INGB0008523141/INGBNL2A/HOSTNET BV///REMI/USTD//Factuur 648
7219 www.hostnet.nl/
:61:2301260126D54,45NDDTEREF//23026521065679
/TRCD/01018/
:86:/EREF/030481143113000//MARF/000864641400115102019090231230//C
SID/NL30ZZZ333034790000//CNTP/NL98INGB0000845745/INGBNL2A/ZIGGO S
ERVICES BV///REMI/USTD//Je klantnummer 8646414 Je factuurnummer 6
01800956 Factuurdatum 19 Januari   2023. Factuur zien? Check: zig
go.nl/mijnziggo/
:61:2301260126D23,25NCHGEREF//23026450912471
/TRCD/09001/
:86:/EREF/471bc964a45d4151867bcc95b6c9c0fc//REMI/USTD//Kosten Zak
elijk Betalingsverkeer   Factuurnr. 2011298808              Betre
ft IBAN: NL50INGB0008762876   Periode: 01-12-2022 / 31-12-2022/
:61:2301250125D1000,00NTRFNONREF//23025107525696
/TRCD/00112/
:86:/CNTP/NL30INGB0656440287/INGBNL2A/A.J. Starrenburg//
:61:2301240124D1,21NDDTEREF//23024600914236
/TRCD/01018/
:86:/EREF/4406948-17//MARF/4406948//CSID/NL75ZZZ341309930000//CNT
P/NL85INGB0008523141/INGBNL2A/HOSTNET BV///REMI/USTD//Factuur 647
4112 www.hostnet.nl/
:61:2301240124D16,03NDDTEREF//23024580913201
/TRCD/01018/
:86:/EREF/501527149617//MARF/1.20539328//CSID/NL93ZZZ332656790051
//CNTP/NL12COBA0733959555/COBANL2XXXX/T-MOBILE NETHERLANDS B.V.//
/REMI/USTD//Factuurnummer 901484467084//PURP/OTHR/
:61:2301220122D1000,00NTRFNONREF//23022546796754
/TRCD/00112/
:86:/CNTP/NL30INGB0656440287/INGBNL2A/A.J. Starrenburg//
:61:2301200120D58,50NDDTEREF//23020451152275
/TRCD/01018/
:86:/EREF/230116NL54RABO03170000400001000472//MARF/back73505587//
CSID/NL35ZZZ659587130000//CNTP/NL54RABO0317642170/RABONL2U/Swapfi
ets B.V.///REMI/USTD//8770/23500505 Januari 2023/
:61:2301180118D5,10NDDTEREF//23018530550845
/TRCD/01018/
:86:/EREF/230023176297//MARF/200001056277//CSID/NL03ZZZ3012435800
00//CNTP/NL59ABNA0590849875/ABNANL2A/NS GROEP IZ NS REIZIGERS///R
EMI/USTD//Factuur: 440008515855//PURP/OTHR/
:61:2301170117D3,49NDDTEREF//23017541101562
/TRCD/01018/
:86:/EREF/CQRJ6SS9QCL4Z2C32C//MARF/BRDNXLV4S5H89VB2//CSID/NL48ZZZ
342764500000//CNTP/NL97DEUT7370000249/DEUTNL2AXXX/SKYSHOWTIME///R
EMI/USTD//SKYSHOWTIME 434A8 NL//ULTC/ADYEN N.V.//
:61:2301160116D2000,00NTRFNONREF//23016213824923
/TRCD/00112/
:86:/CNTP/NL73INGB0004555669/INGBNL2A/A.J. Starrenburg//
:61:2301130113C19360,00NTRFEREF//23013506007389
/TRCD/00100/
:86:/EREF/106771P966.159.117538//CNTP/NL22RABO0344728153/RABONL2U
/Creature Amsterdam B.V.///REMI/USTD//106771/     966  202301 202
301 000966 1055BG Amsterdam/
:61:2301080108D500,00NTRFNONREF//23008188393099
/TRCD/00112/
:86:/CNTP/NL30INGB0656440287/INGBNL2A/A.J. Starrenburg//
:61:2301070107D1000,00NTRFNONREF//23007285578873
/TRCD/00112/
:86:/CNTP/NL30INGB0656440287/INGBNL2A/A.J. Starrenburg//
:61:2301060106D500,00NTRFNONREF//23006375436544
/TRCD/00112/
:86:/CNTP/NL73INGB0004555669/INGBNL2A/A.J. Starrenburg//
:61:2301040104D177,32NTRFNONREF//23004511946655
/TRCD/00100/
:86:/CNTP/NL15RABO0110055888/RABONL2U/Gemeente Amsterdam WPI Debi
teurenbeheer///REMI/USTD//A.J. Starrenburg 20659376/
:61:2301030103D104,21NDDTEREF//23003530765596
/TRCD/01018/
:86:/EREF/411000339119//MARF/037111770001//CSID/NL54ZZZ5351425400
00//CNTP/NL77BNPA0227731387/BNPANL2AXXX/car2go Nederland B.V.///R
EMI/USTD//Klant 0003711177, zie betalingsmelding (email)//PURP/OT
HR/
:61:2301020102D1000,00NTRFNONREF//23002156297527
/TRCD/00112/
:86:/CNTP/NL30INGB0656440287/INGBNL2A/A.J. Starrenburg//
:61:2301010101D150,00NTRFNONREF//23001486639721
/TRCD/00112/
:86:/CNTP/NL30INGB0656440287/INGBNL2A/A.J. Starrenburg//
:62F:C230331EUR10405,91
:64:C230331EUR10405,91
:65:C230401EUR10405,91
:65:C230402EUR10405,91
:86:/SUM/69/2/35314,95/38720,00/
-}