{1:F01INGBNL2ABXXX0000000000}
{2:I940INGBNL2AXXXN}
{4:
:20:P230817000000001
:25:NL50INGB0008762876EUR
:28C:00000
:60F:C230331EUR10405,91
:61:2306290629D2,99NTRFEREF//23180427041214
/TRCD/00106/
:86:/EREF/29-06-2023 19:33 0140000779482378//CNTP/DE9120220800009
3111063/SXPYDEHH/Amazon EU SARL///REMI/USTD//5VWQW0W 014000077948
2378 Subs:Prime/
:61:2306290629C10,00NTRFNONREF//23180377039252
/TRCD/00112/
:86:/CNTP/NL30INGB0656440287/INGBNL2A/Hr AJ Starrenburg///REMI/US
TD//Retour lening/
:61:2306270627D31,25NTRFNONREF//23178405551851
/TRCD/00112/
:86:/CNTP/NL59ABNA0590849875/ABNANL2A/NS GROEP IZ NS REIZIGERS///
REMI/USTD//420010387650/
:61:2306270627C22,00NTRFNONREF//23178455532851
/TRCD/00112/
:86:/CNTP/NL43INGB0703155350/INGBNL2A/Hr AJ Starrenburg///REMI/US
TD//Retour lening/
:61:2306270627C35,00NTRFNONREF//23178275528525
/TRCD/00112/
:86:/CNTP/NL30INGB0656440287/INGBNL2A/Hr AJ Starrenburg///REMI/US
TD//Retour lening/
:61:2306260626D21,92NCHGEREF//23177541066628
/TRCD/09001/
:86:/EREF/8ff611f529644c0f8d6205246e0f2c64//REMI/USTD//Kosten Zak
elijk Betalingsverkeer   Factuurnr. 2087433989              Betre
ft IBAN: NL50INGB0008762876   Periode: 01-05-2023 / 31-05-2023/
:61:2306230623D19,36NDDTEREF//23174305194442
/TRCD/01018/
:86:/EREF/500127200838//MARF/1.20539328//CSID/NL93ZZZ332656790051
//CNTP/NL12COBA0733959555/COBANL2XXXX/T-MOBILE NETHERLANDS B.V.//
/REMI/USTD//Factuurnummer 901502958377//PURP/OTHR/
:61:2306230623C10,00NTRFNONREF//23174084958826
/TRCD/00112/
:86:/CNTP/NL30INGB0656440287/INGBNL2A/Hr AJ Starrenburg///REMI/US
TD//Retour lening/
:61:2306190619D3,49NDDTEREF//23170590571969
/TRCD/01018/
:86:/EREF/CLNW2VDK4PRN4Q4C2C//MARF/BRDNXLV4S5H89VB2//CSID/NL48ZZZ
342764500000//CNTP/NL97DEUT7370000249/DEUTNL2AXXX/SKYSHOWTIME///R
EMI/USTD//SKYSHOWTIME FB3CD NL//ULTC/ADYEN N.V.//
:61:2306120612D484,00NTRFNONREF//23163225996347
/TRCD/00112/
:86:/CNTP/NL25RABO0107946637/RABONL2U/Soundsright B.V.///REMI/UST
D//202300026/
:61:2306120612C500,00NTRFNONREF//23163155989923
/TRCD/00112/
:86:/CNTP/NL73INGB0004555669/INGBNL2A/Hr AJ Starrenburg///REMI/US
TD//Retour lening/
:61:2306100610D14,00NTRFNONREF//23161151801712
/TRCD/00112/
:86:/CNTP/NL30INGB0656440287/INGBNL2A/A.J. Starrenburg//
:61:2306090609D50,00NTRFNONREF//23160347900509
/TRCD/00112/
:86:/CNTP/NL30INGB0656440287/INGBNL2A/A.J. Starrenburg//
:61:2306060606D58,50NTRFNONREF//23157354916259
/TRCD/00112/
:86:/CNTP/NL54RABO0317642170/RABONL2U/Swapfiets b.v.///REMI/USTD/
/23506698/
:61:2306060606C100,00NTRFNONREF//23157134905134
/TRCD/00112/
:86:/CNTP/NL30INGB0656440287/INGBNL2A/Hr AJ Starrenburg///REMI/US
TD//Retour lening/
:61:2306050605D54,45NDDTEREF//23156520521672
/TRCD/01018/
:86:/EREF/037U000846154275//MARF/000864641400115102019090231230//
CSID/NL30ZZZ333034790000//CNTP/NL98INGB0000845745/INGBNL2A/ZIGGO 
SERVICES BV///REMI/USTD//Klant Nr XXXXXX414/XXXXXX037 Mei Factuur
 Nr 315232915354 zie ziggo.nl/mijnziggo/
:61:2306040604C25,00NTRFNONREF//23155270363469
/TRCD/00112/
:86:/CNTP/NL30INGB0656440287/INGBNL2A/Hr AJ Starrenburg///REMI/US
TD//Retour lening/
:61:2306010601D0,01NODCNONREF//23152297896448
/TRCD/09101/
:61:2305310531D40,54NDDTEREF//23151585553587
/TRCD/01018/
:86:/EREF/4406948-26//MARF/4406948//CSID/NL75ZZZ341309930000//CNT
P/NL85INGB0008523141/INGBNL2A/HOSTNET BV///REMI/USTD//Factuur 669
8291 www.hostnet.nl/
:61:2305310531C100,00NTRFNONREF//23151035106188
/TRCD/00112/
:86:/CNTP/NL30INGB0656440287/INGBNL2A/Hr AJ Starrenburg///REMI/US
TD//Retour lening/
:61:2305260526D23,46NCHGEREF//23146460861972
/TRCD/09001/
:86:/EREF/c65d3ce18db945438069b2e2290bd1f5//REMI/USTD//Kosten Zak
elijk Betalingsverkeer   Factuurnr. 2072203049              Betre
ft IBAN: NL50INGB0008762876   Periode: 01-04-2023 / 30-04-2023/
:61:2305240524D1452,00NTRFEREF//23144557727408
/TRCD/00106/
:86:/EREF/24-05-2023 21:27 0370956458120204//CNTP/NL81RABO0120668
343/RABONL2U/Holthaus Advies B.V.///REMI/USTD//2089117496Xcade7 0
370956458120204 20328 - 2023-3320/
:61:2305240524C1450,00NTRFNONREF//23144597723727
/TRCD/00112/
:86:/CNTP/NL73INGB0004555669/INGBNL2A/Hr AJ Starrenburg///REMI/US
TD//Retour lening/
:61:2305240524D1733,93NTRFEREF//23144536551823
/TRCD/00106/
:86:/EREF/24-05-2023 18:11 0370944703386410//CNTP/NL81RABO0120668
343/RABONL2U/Holthaus Advies B.V.///REMI/USTD//2088915107X0cc18 0
370944703386410 20329 - 2023-3319/
:61:2305240524C1733,93NTRFNONREF//23144026543366
/TRCD/00112/
:86:/CNTP/NL73INGB0004555669/INGBNL2A/Hr AJ Starrenburg///REMI/US
TD//Retour lening/
:61:2305230523D1,21NDDTEREF//23143610863984
/TRCD/01018/
:86:/EREF/4406948-25//MARF/4406948//CSID/NL75ZZZ341309930000//CNT
P/NL85INGB0008523141/INGBNL2A/HOSTNET BV///REMI/USTD//Factuur 668
7015 www.hostnet.nl/
:61:2305230523D19,59NDDTEREF//23143470679223
/TRCD/01018/
:86:/EREF/501026833007//MARF/1.20539328//CSID/NL93ZZZ332656790051
//CNTP/NL12COBA0733959555/COBANL2XXXX/T-MOBILE NETHERLANDS B.V.//
/REMI/USTD//Factuurnummer 901499266165//PURP/OTHR/
:61:2305170517D3,49NDDTEREF//23137430999083
/TRCD/01018/
:86:/EREF/CM7JDS7G88MTCPK52C//MARF/BRDNXLV4S5H89VB2//CSID/NL48ZZZ
342764500000//CNTP/NL97DEUT7370000249/DEUTNL2AXXX/SKYSHOWTIME///R
EMI/USTD//SKYSHOWTIME 3ECCD NL//ULTC/ADYEN N.V.//
:61:2305150515D8,04NDDTEREF//23135520689841
/TRCD/01018/
:86:/EREF/260003550454//MARF/200001056277//CSID/NL03ZZZ3012435800
00//CNTP/NL59ABNA0590849875/ABNANL2A/NS GROEP IZ NS REIZIGERS///R
EMI/USTD//Factuur: 410010146229//PURP/OTHR/
:61:2305080508C50,00NTRFNONREF//23128378004707
/TRCD/00112/
:86:/CNTP/NL43INGB0703155350/INGBNL2A/Hr AJ Starrenburg///REMI/US
TD//Retour lening/
:61:2305060506D40,00NTRFNONREF//23126317815083
/TRCD/00112/
:86:/CNTP/NL30INGB0656440287/INGBNL2A/A.J. Starrenburg//
:61:2305050505D100,00NTRFNONREF//23125357551964
/TRCD/00112/
:86:/CNTP/NL30INGB0656440287/INGBNL2A/A.J. Starrenburg//
:61:2304280428D20,00NDDTEREF//23118371273126
/TRCD/01018/
:86:/EREF/301-785714-2186//MARF/E2022178066934368//CSID/NL78ZZZ33
2722460000//CNTP/NL63DEUT0265188040/DEUTNL2AXXX/AMERICAN EXPRESS 
EUROPE S.A.///REMI/USTD//3753-813867-71001/
:61:2304250425D54,45NDDTEREF//23115375917591
/TRCD/01018/
:86:/EREF/037U000840034110//MARF/000864641400115102019090231230//
CSID/NL30ZZZ333034790000//CNTP/NL98INGB0000845745/INGBNL2A/ZIGGO 
SERVICES BV///REMI/USTD//Klant Nr XXXXXX414/XXXXXX037 April Factu
ur Nr 315227084609 zie ziggo.nl/mijnziggo/
:61:2304250425D41,75NDDTEREF//23115375917583
/TRCD/01018/
:86:/EREF/4406948-23//MARF/4406948//CSID/NL75ZZZ341309930000//CNT
P/NL85INGB0008523141/INGBNL2A/HOSTNET BV///REMI/USTD//Factuur 664
0229 www.hostnet.nl/
:61:2304250425D58,50NDDTEREF//23115375917330
/TRCD/01018/
:86:/EREF/230418NL54RABO03170002500001000285//MARF/back73505587//
CSID/NL35ZZZ659587130000//CNTP/NL54RABO0317642170/RABONL2U/Swapfi
ets B.V.///REMI/USTD//8770/23505408 04-2023/
:61:2304250425D23,20NDDTEREF//23115375917219
/TRCD/01018/
:86:/EREF/501424301835//MARF/1.20539328//CSID/NL93ZZZ332656790051
//CNTP/NL12COBA0733959555/COBANL2XXXX/T-MOBILE NETHERLANDS B.V.//
/REMI/USTD//Factuurnummer 901495550047//PURP/OTHR/
:61:2304250425C360,00NTRFNONREF//23115415727647
/TRCD/00112/
:86:/CNTP/NL43INGB0703155350/INGBNL2A/Hr AJ Starrenburg///REMI/US
TD//Retour lening/
:61:2304250425D24,57NCHGEREF//23115333786770
/TRCD/09001/
:86:/EREF/00077a085ea245c9a1e505d3b6b44fa9//REMI/USTD//Kosten Zak
elijk Betalingsverkeer   Factuurnr. 2056611115              Betre
ft IBAN: NL50INGB0008762876   Periode: 01-03-2023 / 31-03-2023/
:61:2304150415D8,00NTRFNONREF//23105434220910
/TRCD/00112/
:86:/CNTP/NL30INGB0656440287/INGBNL2A/A.J. Starrenburg//
:61:2304150415D110,00NTRFNONREF//23105350377159
/TRCD/00112/
:86:/CNTP/NL30INGB0656440287/INGBNL2A/A.J. Starrenburg//
:61:2304140414D150,00NTRFNONREF//23104437397308
/TRCD/00112/
:86:/CNTP/NL30INGB0656440287/INGBNL2A/A.J. Starrenburg//
:61:2304140414D5,10NDDTEREF//23104540992090
/TRCD/01018/
:86:/EREF/220023736880//MARF/200001056277//CSID/NL03ZZZ3012435800
00//CNTP/NL59ABNA0590849875/ABNANL2A/NS GROEP IZ NS REIZIGERS///R
EMI/USTD//Factuur: 450009642069//PURP/OTHR/
:61:2304130413D50,00NTRFNONREF//23103178038905
/TRCD/00112/
:86:/CNTP/NL30INGB0656440287/INGBNL2A/A.J. Starrenburg//
:61:2304130413D50,00NTRFNONREF//23103017202872
/TRCD/00112/
:86:/CNTP/NL30INGB0656440287/INGBNL2A/A.J. Starrenburg//
:61:2304120412D150,00NTRFNONREF//23102496178543
/TRCD/00112/
:86:/CNTP/NL30INGB0656440287/INGBNL2A/A.J. Starrenburg//
:61:2304080408D150,00NTRFNONREF//23098151048428
/TRCD/00112/
:86:/CNTP/NL30INGB0656440287/INGBNL2A/A.J. Starrenburg//
:61:2304070407D200,00NTRFNONREF//23097024727142
/TRCD/00112/
:86:/CNTP/NL30INGB0656440287/INGBNL2A/A.J. Starrenburg//
:61:2304040404D12161,71NTRFEREF//23094366934132
/TRCD/00112/
:86:/EREF/Funda//CNTP/NL25INGB0797858326/INGBNL2A/B. Koopman///RE
MI/USTD//2023-006/
:61:2304040404C1000,00NTRFNONREF//23094406535042
/TRCD/00112/
:86:/CNTP/NL73INGB0004555669/INGBNL2A/Hr AJ Starrenburg///REMI/US
TD//Retour lening/
:61:2304040404C2000,00NTRFNONREF//23094034391918
/TRCD/00112/
:86:/CNTP/NL73INGB0004555669/INGBNL2A/Hr AJ Starrenburg///REMI/US
TD//Retour lening/
:61:2304040404D177,32NTRFNONREF//23094641975118
/TRCD/00100/
:86:/CNTP/NL15RABO0110055888/RABONL2U/Gemeente Amsterdam WPI Debi
teurenbeheer///REMI/USTD//A.J. Starrenburg 20659376/
:61:2304040404D190,85NDDTEREF//23094610785179
/TRCD/01018/
:86:/EREF/410600483384//MARF/037111770001//CSID/NL54ZZZ5351425400
00//CNTP/NL77BNPA0227731387/BNPANL2AXXX/car2go Nederland B.V.///R
EMI/USTD//Klant 0003711177, zie betalingsmelding (email)//PURP/OT
HR/
:62F:C230630EUR14,16
:64:C230630EUR14,16
:65:C230701EUR14,16
:65:C230702EUR14,16
:86:/SUM/39/14/17787,68/7395,93/
-}