:940:
:20:940S250101
:25:NL26RABO0324018290 EUR
:28C:25001
:60F:C241231EUR000000000206,84
:62F:C250101EUR000000000206,84
:64:C250101EUR000000000206,84
:65:C250102EUR000000000206,84
:65:C250103EUR000000000206,84
:65:C250104EUR000000000206,84
:65:C250105EUR000000000206,84
:20:940S250102
:25:NL26RABO0324018290 EUR
:28C:25002
:60F:C250101EUR000000000206,84
:61:250101D000000000001,21N093NONREF//NP8A000034391242
NL26RABO0324018290
:86:/TRCD/093/BENM//NAME/Rabobank/REMI/Debetrente                    
     Periode 01-12-2024 t/m 31-12-2024/ISDT/2025-01-02
:61:250101D000000000026,16N093NONREF//NP8A000034391243
NL26RABO0324018290
:86:/TRCD/093/BENM//NAME/Rabobank/REMI/Kosten                        
     Periode 01-12-2024 t/m 31-12-2024/ISDT/2025-01-02
:62F:C250102EUR000000000179,47
:64:C250102EUR000000000179,47
:65:C250103EUR000000000179,47
:65:C250104EUR000000000179,47
:65:C250105EUR000000000179,47
:65:C250106EUR000000000179,47
:20:940S250103
:25:NL26RABO0324018290 EUR
:28C:25003
:60F:C250102EUR000000000179,47
:62F:C250103EUR000000000179,47
:64:C250103EUR000000000179,47
:65:C250104EUR000000000179,47
:65:C250105EUR000000000179,47
:65:C250106EUR000000000179,47
:65:C250107EUR000000000179,47
:20:940S250104
:25:NL26RABO0324018290 EUR
:28C:25004
:60F:C250103EUR000000000179,47
:62F:C250104EUR000000000179,47
:64:C250104EUR000000000179,47
:65:C250105EUR000000000179,47
:65:C250106EUR000000000179,47
:65:C250107EUR000000000179,47
:65:C250108EUR000000000179,47
:20:940S250105
:25:NL26RABO0324018290 EUR
:28C:25005
:60F:C250104EUR000000000179,47
:62F:C250105EUR000000000179,47
:64:C250105EUR000000000179,47
:65:C250106EUR000000000179,47
:65:C250107EUR000000000179,47
:65:C250108EUR000000000179,47
:65:C250109EUR000000000179,47
:20:940S250106
:25:NL26RABO0324018290 EUR
:28C:25006
:60F:C250105EUR000000000179,47
:61:250107D000000000173,86N102EREF//OO9T004109331297
NL04ADYB2017400157
:86:/EREF/06-01-2025 18:38 7180244284455554/PREF/OO9B004109331621/TRC
D/102/BENM//NAME/KLM/REMI/NKC9BDB9MTG3MRF32K61D 7180244284455554 
Airline xui-25848132/PURP//CD/EPAY/ISDT/2025-01-07
:62F:C250106EUR000000000005,61
:64:C250106EUR000000000179,47
:65:C250107EUR000000000005,61
:65:C250108EUR000000000005,61
:65:C250109EUR000000000005,61
:65:C250110EUR000000000005,61
:20:940S250107
:25:NL26RABO0324018290 EUR
:28C:25007
:60F:C250106EUR000000000005,61
:61:250107C000000000100,00N541EREF//OO9T004111379558
NL48RABO0332287629
:86:/EREF/OO9B004111379558/PREF/OO9B004111379558/TRCD/541/ORDP//NAME/
C.J.F. Brons/ISDT/2025-01-07
:61:250107D000000000020,40N102EREF//OO9T004111381141
NL04ADYB2017400157
:86:/EREF/07-01-2025 13:16 7180086399633274/PREF/OO9B004111381134/TRC
D/102/BENM//NAME/Bolt Technology OU/REMI/BZTP6VZVQ625NZD32LUSJ 71
80086399633274 BOLT.EU/O/2501071215 xui-25848132/PURP//CD/EPAY/IS
DT/2025-01-07
:62F:C250107EUR000000000085,21
:64:C250107EUR000000000085,21
:65:C250108EUR000000000085,21
:65:C250109EUR000000000085,21
:65:C250110EUR000000000085,21
:65:C250111EUR000000000085,21
:20:940S250108
:25:NL26RABO0324018290 EUR
:28C:25008
:60F:C250107EUR000000000085,21
:62F:C250108EUR000000000085,21
:64:C250108EUR000000000085,21
:65:C250109EUR000000000085,21
:65:C250110EUR000000000085,21
:65:C250111EUR000000000085,21
:65:C250112EUR000000000085,21
:20:940S250109
:25:NL26RABO0324018290 EUR
:28C:25009
:60F:C250108EUR000000000085,21
:61:250109D000000000013,69N065MARF//OM1T003314989635
NL60RABO0300281390
:86:/MARF/000080243666/EREF/052255356368/TRCD/065/ORDP//NAME/Interpol
is/REMI/Zeza Polis 155298871 Periode 01.01.2025 - 01.02.2025 Inte
rpolis/CSID/NL67ZZZ080534100004
:61:250109C000000002637,91N541NONREF//PE1T000263491060
NL96ABNA0846199866
:86:/TRCD/541/ORDP//NAME/SKINS MODEL MANAGEMENT/REMI/Betaling Stateme
nt DEC/ISDT/2025-01-09
:61:250109D000000002500,00N544EREF//OO9T004119219982
NL48RABO0332287629
:86:/EREF/OO9B004119219982/PREF/OO9B004119219982/TRCD/544/BENM//NAME/
C J F BRONS/ISDT/2025-01-09
:62F:C250109EUR000000000209,43
:64:C250109EUR000000000209,43
:65:C250110EUR000000000209,43
:65:C250111EUR000000000209,43
:65:C250112EUR000000000209,43
:65:C250113EUR000000000209,43
:20:940S250110
:25:NL26RABO0324018290 EUR
:28C:25010
:60F:C250109EUR000000000209,43
:62F:C250110EUR000000000209,43
:64:C250110EUR000000000209,43
:65:C250111EUR000000000209,43
:65:C250112EUR000000000209,43
:65:C250113EUR000000000209,43
:65:C250114EUR000000000209,43
:20:940S250111
:25:NL26RABO0324018290 EUR
:28C:25011
:60F:C250110EUR000000000209,43
:61:250113D000000000025,50N102EREF//OO9T004124391153
NL04ADYB2017400157
:86:/EREF/11-01-2025 14:57 7180926072441901/PREF/OO9B004124391245/TRC
D/102/BENM//NAME/Bolt Technology OU/REMI/TXQ576CBPD94XDG62LUSJ 71
80926072441901 BOLT.EU/O/2501111355 xui-25848132/PURP//CD/EPAY/IS
DT/2025-01-13
:61:250113D000000000010,70N102EREF//OO9T004125118171
NL04ADYB2017400157
:86:/EREF/11-01-2025 18:38 7180825472591085/PREF/OO9B004125118249/TRC
D/102/BENM//NAME/Bolt Technology OU/REMI/DB6M68LW3ZRLQLX32LUSJ 71
80825472591085 BOLT.EU/O/2501111738 xui-25848132/PURP//CD/EPAY/IS
DT/2025-01-13
:62F:C250111EUR000000000173,23
:64:C250111EUR000000000209,43
:65:C250112EUR000000000209,43
:65:C250113EUR000000000173,23
:65:C250114EUR000000000173,23
:65:C250115EUR000000000173,23
:20:940S250112
:25:NL26RABO0324018290 EUR
:28C:25012
:60F:C250111EUR000000000173,23
:61:250113D000000000009,60N102EREF//OO9T004125802097
NL04ADYB2017400157
:86:/EREF/12-01-2025 00:00 7180664287411562/PREF/OO9B004125802175/TRC
D/102/BENM//NAME/Bolt Technology OU/REMI/J5KLJMH8BJQ4BVF62LUSJ 71
80664287411562 BOLT.EU/O/2501112300 xui-25848132/PURP//CD/EPAY/IS
DT/2025-01-13
:61:250113D000000000022,40N102EREF//OO9T004126772214
NL04ADYB2017400157
:86:/EREF/12-01-2025 13:09 7180406975528037/PREF/OO9B004126772456/TRC
D/102/BENM//NAME/Bolt Technology OU/REMI/ZX9SMZM6MXFRM8F62LUSJ 71
80406975528037 BOLT.EU/O/2501121209 xui-25848132/PURP//CD/EPAY/IS
DT/2025-01-13
:62F:C250112EUR000000000141,23
:64:C250112EUR000000000209,43
:65:C250113EUR000000000141,23
:65:C250114EUR000000000141,23
:65:C250115EUR000000000141,23
:65:C250116EUR000000000141,23
:20:940S250113
:25:NL26RABO0324018290 EUR
:28C:25013
:60F:C250112EUR000000000141,23
:62F:C250113EUR000000000141,23
:64:C250113EUR000000000141,23
:65:C250114EUR000000000141,23
:65:C250115EUR000000000141,23
:65:C250116EUR000000000141,23
:65:C250117EUR000000000141,23
:20:940S250114
:25:NL26RABO0324018290 EUR
:28C:25014
:60F:C250113EUR000000000141,23
:62F:C250114EUR000000000141,23
:64:C250114EUR000000000141,23
:65:C250115EUR000000000141,23
:65:C250116EUR000000000141,23
:65:C250117EUR000000000141,23
:65:C250118EUR000000000141,23
:20:940S250115
:25:NL26RABO0324018290 EUR
:28C:25015
:60F:C250114EUR000000000141,23
:61:250115D000000000025,00N065MARF//OM1T003321905023
NL35RABO0117713678
:86:/MARF/IO-1561-8943-4872/EREF/SKCR-6CHD/TRCD/065/ORDP//NAME/Sticht
ing Pay.nl/REMI/Pay.nl inzake Mywheels / Verzamelfactuur 2794819 
/ mywheels.nl / IO-1561-8943-4872/CSID/NL29ZZZ501527690000/ULTD//
NAME/Mywheels
:61:250116D000000000030,20N102EREF//OO9T004136899478
NL04ADYB2017400157
:86:/EREF/15-01-2025 17:35 7180015187189529/PREF/OO9B004136899712/TRC
D/102/BENM//NAME/Bolt Technology OU/REMI/PHR744493PST7CG62LUSJ 71
80015187189529 BOLT.EU/O/2501151635 xui-25848132/PURP//CD/EPAY/IS
DT/2025-01-16
:62F:C250115EUR000000000086,03
:64:C250115EUR000000000116,23
:65:C250116EUR000000000086,03
:65:C250117EUR000000000086,03
:65:C250118EUR000000000086,03
:65:C250119EUR000000000086,03
:20:940S250116
:25:NL26RABO0324018290 EUR
:28C:25016
:60F:C250115EUR000000000086,03
:61:250116D000000000019,10N102EREF//OO9T004138218900
NL04ADYB2017400157
:86:/EREF/16-01-2025 07:02 7180824890124960/PREF/OO9B004138218917/TRC
D/102/BENM//NAME/Bolt Technology OU/REMI/M7BJV2578CLQCBG62LUSJ 71
80824890124960 BOLT.EU/O/2501160602 xui-25848132/PURP//CD/EPAY/IS
DT/2025-01-16
:62F:C250116EUR000000000066,93
:64:C250116EUR000000000066,93
:65:C250117EUR000000000066,93
:65:C250118EUR000000000066,93
:65:C250119EUR000000000066,93
:65:C250120EUR000000000066,93
:20:940S250117
:25:NL26RABO0324018290 EUR
:28C:25017
:60F:C250116EUR000000000066,93
:61:250117D000000000026,37N064MARF//41132282530
NL59ABNA0590849875
:86:/MARF/200000896912/EREF/260014900959/TRCD/064/ORDP//NAME/NS GROEP
 IZ NS REIZIGERS/REMI/Factuur: 441000957649/CSID/NL03ZZZ301243580
000
:62F:C250117EUR000000000040,56
:64:C250117EUR000000000040,56
:65:C250118EUR000000000040,56
:65:C250119EUR000000000040,56
:65:C250120EUR000000000040,56
:65:C250121EUR000000000040,56
:20:940S250118
:25:NL26RABO0324018290 EUR
:28C:25018
:60F:C250117EUR000000000040,56
:61:250118D000000000036,48N102EREF//OO9T004147093375
NL35RABO0117713678
:86:/EREF/18-01-2025 22:10 7370656981330484/PREF/OO9B004147093833/TRC
D/102/BENM//NAME/Mywheels/REMI/2769191199X9a16b 7370656981330484 
Tegoedbon xui-25848132/PURP//CD/EPAY/ISDT/2025-01-18
:62F:C250118EUR000000000004,08
:64:C250118EUR000000000004,08
:65:C250119EUR000000000004,08
:65:C250120EUR000000000004,08
:65:C250121EUR000000000004,08
:65:C250122EUR000000000004,08
:20:940S250119
:25:NL26RABO0324018290 EUR
:28C:25019
:60F:C250118EUR000000000004,08
:61:250119C000000000250,00N541EREF//OO9T004147931606
NL48RABO0332287629
:86:/EREF/OO9B004147931606/PREF/OO9B004147931606/TRCD/541/ORDP//NAME/
C.J.F. Brons/ISDT/2025-01-19
:61:250120D000000000023,00N102EREF//OO9T004147932676
NL04ADYB2017400157
:86:/EREF/19-01-2025 11:28 7180386999357448/PREF/OO9B004147932838/TRC
D/102/BENM//NAME/Bolt Technology OU/REMI/H9LJK2VS5XRB5SX32LUSJ 71
80386999357448 BOLT.EU/O/2501191028 xui-25848132/PURP//CD/EPAY/IS
DT/2025-01-20
:61:250120D000000000008,60N102EREF//OO9T004148835626
NL04ADYB2017400157
:86:/EREF/19-01-2025 16:19 7180235172296677/PREF/OO9B004148835632/TRC
D/102/BENM//NAME/Bolt Technology OU/REMI/XD9RBX8WZ97W44G62LUSJ 71
80235172296677 BOLT.EU/O/2501191519 xui-25848132/PURP//CD/EPAY/IS
DT/2025-01-20
:62F:C250119EUR000000000222,48
:64:C250119EUR000000000254,08
:65:C250120EUR000000000222,48
:65:C250121EUR000000000222,48
:65:C250122EUR000000000222,48
:65:C250123EUR000000000222,48
:20:940S250120
:25:NL26RABO0324018290 EUR
:28C:25020
:60F:C250119EUR000000000222,48
:61:250120D000000000020,03N102EREF//OO9T004150864765
NL35RABO0117713678
:86:/EREF/20-01-2025 10:16 7370474572112849/PREF/OO9B004150865094/TRC
D/102/BENM//NAME/Mywheels/REMI/2770722786Xc13ec 7370474572112849 
Tegoedbon xui-25848132/PURP//CD/EPAY/ISDT/2025-01-20
:61:250120D000000000009,60N102EREF//OO9T004151303850
NL04ADYB2017400157
:86:/EREF/20-01-2025 11:52 7180134590143740/PREF/OO9B004151304043/TRC
D/102/BENM//NAME/Bolt Technology OU/REMI/LSFHL5KZVQQP8PF32LUSJ 71
80134590143740 BOLT.EU/O/2501201052 xui-25848132/PURP//CD/EPAY/IS
DT/2025-01-20
:62F:C250120EUR000000000192,85
:64:C250120EUR000000000192,85
:65:C250121EUR000000000192,85
:65:C250122EUR000000000192,85
:65:C250123EUR000000000192,85
:65:C250124EUR000000000192,85
:20:940S250121
:25:NL26RABO0324018290 EUR
:28C:25021
:60F:C250120EUR000000000192,85
:61:250121D000000000009,40N102EREF//OO9T004154219031
NL04ADYB2017400157
:86:/EREF/21-01-2025 07:27 7180126999171529/PREF/OO9B004154219021/TRC
D/102/BENM//NAME/Bolt Technology OU/REMI/KXLSW3SGG8RCPNF62LUSJ 71
80126999171529 BOLT.EU/O/2501210627 xui-25848132/PURP//CD/EPAY/IS
DT/2025-01-21
:61:250122D000000000013,50N102EREF//OO9T004156190551
NL04ADYB2017400157
:86:/EREF/21-01-2025 18:09 7180746096139864/PREF/OO9B004156190486/TRC
D/102/BENM//NAME/Bolt Technology OU/REMI/VMXBJP388JHB9NF62LUSJ 71
80746096139864 BOLT.EU/O/2501211709 xui-25848132/PURP//CD/EPAY/IS
DT/2025-01-22
:62F:C250121EUR000000000169,95
:64:C250121EUR000000000183,45
:65:C250122EUR000000000169,95
:65:C250123EUR000000000169,95
:65:C250124EUR000000000169,95
:65:C250125EUR000000000169,95
:20:940S250122
:25:NL26RABO0324018290 EUR
:28C:25022
:60F:C250121EUR000000000169,95
:61:250122D000000000010,40N102EREF//OO9T004157722360
NL04ADYB2017400157
:86:/EREF/22-01-2025 09:06 7180284896258022/PREF/OO9B004157722431/TRC
D/102/BENM//NAME/Bolt Technology OU/REMI/XNGBWXCWV4DN86Z32LUSJ 71
80284896258022 BOLT.EU/O/2501220805 xui-25848132/PURP//CD/EPAY/IS
DT/2025-01-22
:61:250122C000000000010,40N541EREF//41184910263
NL92ADYB2017400998
:86:/EREF/TX1757728040XT/TRCD/541/ORDP//NAME/BOLT.EU/REMI/TX175772804
0XT Refund BOLT.EU/O/2501220805/ISDT/2025-01-22
:61:250123D000000000008,00N102EREF//OO9T004159741180
NL04ADYB2017400157
:86:/EREF/22-01-2025 19:00 7180486996168307/PREF/OO9B004159740699/TRC
D/102/BENM//NAME/Bolt Technology OU/REMI/J69FPG3V4CRMWWF32LUSJ 71
80486996168307 BOLT.EU/O/2501221800 xui-25848132/PURP//CD/EPAY/IS
DT/2025-01-23
:61:250123D000000000008,00N102EREF//OO9T004159767431
NL04ADYB2017400157
:86:/EREF/22-01-2025 19:08 7180006396108577/PREF/OO9B004159767561/TRC
D/102/BENM//NAME/Bolt Technology OU/REMI/KZ7HF6KGT7QCFCZ32LUSJ 71
80006396108577 BOLT.EU/O/2501221807 xui-25848132/PURP//CD/EPAY/IS
DT/2025-01-23
:61:250123D000000000008,00N102EREF//OO9T004160268572
NL04ADYB2017400157
:86:/EREF/22-01-2025 21:44 7180204296287917/PREF/OO9B004160268015/TRC
D/102/BENM//NAME/Bolt Technology OU/REMI/GPRDNFJ9LDD5DFG62LUSJ 71
80204296287917 BOLT.EU/O/2501222044 xui-25848132/PURP//CD/EPAY/IS
DT/2025-01-23
:62F:C250122EUR000000000145,95
:64:C250122EUR000000000169,95
:65:C250123EUR000000000145,95
:65:C250124EUR000000000145,95
:65:C250125EUR000000000145,95
:65:C250126EUR000000000145,95
:20:940S250123
:25:NL26RABO0324018290 EUR
:28C:25023
:60F:C250122EUR000000000145,95
:61:250123D000000000009,60N102EREF//OO9T004161001178
NL04ADYB2017400157
:86:/EREF/23-01-2025 07:26 7180406390253462/PREF/OO9B004161001281/TRC
D/102/BENM//NAME/Bolt Technology OU/REMI/XRDCC9WDJLRDPNF62LUSJ 71
80406390253462 BOLT.EU/O/2501230626 xui-25848132/PURP//CD/EPAY/IS
DT/2025-01-23
:61:250123C000000003520,00N541NONREF//41194964393
ES1400810376420001204431
:86:/TRCD/541/ORDP//NAME/UNIKO MODEL AGENCY S.L./REMI/PAYMENT INV FB-
2024-002 FREDERIQUE BRONS/ISDT/2025-01-23
:61:250123D000000003500,00N544EREF//OO9T004161682831
NL48RABO0332287629
:86:/EREF/OO9B004161682831/PREF/OO9B004161682831/TRCD/544/BENM//NAME/
C J F BRONS/ISDT/2025-01-23
:61:250123C000000000008,00N541EREF//41198016888
NL92ADYB2017400998
:86:/EREF/TX1758642040XT/TRCD/541/ORDP//NAME/BOLT.EU/REMI/TX175864204
0XT Refund BOLT.EU/O/2501221807/ISDT/2025-01-23
:61:250124D000000000008,60N102EREF//OO9T004163211305
NL04ADYB2017400157
:86:/EREF/23-01-2025 17:07 7180616987373078/PREF/OO9B004163210739/TRC
D/102/BENM//NAME/Bolt Technology OU/REMI/QD7Q2WJDF8MLXZF62LUSJ 71
80616987373078 BOLT.EU/O/2501231607 xui-25848132/PURP//CD/EPAY/IS
DT/2025-01-24
:61:250124D000000000008,80N102EREF//OO9T004163470849
NL04ADYB2017400157
:86:/EREF/23-01-2025 18:15 7180074872103264/PREF/OO9B004163471059/TRC
D/102/BENM//NAME/Bolt Technology OU/REMI/BL6SZRDB279WJQF32LUSJ 71
80074872103264 BOLT.EU/O/2501231715 xui-25848132/PURP//CD/EPAY/IS
DT/2025-01-24
:61:250124D000000000008,00N102EREF//OO9T004164016481
NL04ADYB2017400157
:86:/EREF/23-01-2025 20:45 7180584887285358/PREF/OO9B004164016264/TRC
D/102/BENM//NAME/Bolt Technology OU/REMI/XS9LMKJWTWDRHDX32LUSJ 71
80584887285358 BOLT.EU/O/2501231945 xui-25848132/PURP//CD/EPAY/IS
DT/2025-01-24
:62F:C250123EUR000000000138,95
:64:C250123EUR000000000164,35
:65:C250124EUR000000000138,95
:65:C250125EUR000000000138,95
:65:C250126EUR000000000138,95
:65:C250127EUR000000000138,95
:20:940S250124
:25:NL26RABO0324018290 EUR
:28C:25024
:60F:C250123EUR000000000138,95
:61:250124D000000000013,90N102EREF//OO9T004165451631
NL04ADYB2017400157
:86:/EREF/24-01-2025 08:46 7180695175220588/PREF/OO9B004165451968/TRC
D/102/BENM//NAME/Bolt Technology OU/REMI/VKLV6W2RL2LZL8Z32LUSJ 71
80695175220588 BOLT.EU/O/2501240746 xui-25848132/PURP//CD/EPAY/IS
DT/2025-01-24
:61:250124D000000000022,80N102EREF//OO9T004166115180
NL04ADYB2017400157
:86:/EREF/24-01-2025 10:48 7180646099101584/PREF/OO9B004166114979/TRC
D/102/BENM//NAME/Bolt Technology OU/REMI/SS59XDFZR5BMXZF62LUSJ 71
80646099101584 BOLT.EU/O/2501240948 xui-25848132/PURP//CD/EPAY/IS
DT/2025-01-24
:61:250124C000000000013,90N541EREF//41217627302
NL92ADYB2017400998
:86:/EREF/TX789390660XT/TRCD/541/ORDP//NAME/BOLT.EU/REMI/TX789390660X
T Refund BOLT.EU/O/2501240746/ISDT/2025-01-24
:61:250124C000000000022,80N541EREF//41217776488
NL92ADYB2017400998
:86:/EREF/TX474653070XT/TRCD/541/ORDP//NAME/BOLT.EU/REMI/TX474653070X
T Refund BOLT.EU/O/2501240948/ISDT/2025-01-24
:61:250124D000000005039,51N074NONREF
0000000000
:86:/TRCD/074/BENM//NAME/Rabobank Nederland/REMI/Kaartnummer: ****.**
**.****.4315 Zie rekeningoverzicht 20-01-2025
:61:250124C000000005000,00N541EREF//OO9T004167381602
NL48RABO0332287629
:86:/EREF/OO9B004167381602/PREF/OO9B004167381602/TRCD/541/ORDP//NAME/
C.J.F. Brons/ISDT/2025-01-24
:62F:C250124EUR000000000099,44
:64:C250124EUR000000000099,44
:65:C250125EUR000000000099,44
:65:C250126EUR000000000099,44
:65:C250127EUR000000000099,44
:65:C250128EUR000000000099,44
:20:940S250125
:25:NL26RABO0324018290 EUR
:28C:25025
:60F:C250124EUR000000000099,44
:62F:C250125EUR000000000099,44
:64:C250125EUR000000000099,44
:65:C250126EUR000000000099,44
:65:C250127EUR000000000099,44
:65:C250128EUR000000000099,44
:65:C250129EUR000000000099,44
:20:940S250126
:25:NL26RABO0324018290 EUR
:28C:25026
:60F:C250125EUR000000000099,44
:62F:C250126EUR000000000099,44
:64:C250126EUR000000000099,44
:65:C250127EUR000000000099,44
:65:C250128EUR000000000099,44
:65:C250129EUR000000000099,44
:65:C250130EUR000000000099,44
:20:940S250127
:25:NL26RABO0324018290 EUR
:28C:25027
:60F:C250126EUR000000000099,44
:61:250127D000000000010,45N065MARF//OM1T003341822973
NL60RABO0300281390
:86:/MARF/000005027002/EREF/051754974215/TRCD/065/ORDP//NAME/Interpol
is/REMI/Alles in een Polis 301583269 Periode 27.01.2025 - 27.02.2
025 Interpolis/CSID/NL67ZZZ080534100004
:62F:C250127EUR000000000088,99
:64:C250127EUR000000000088,99
:65:C250128EUR000000000088,99
:65:C250129EUR000000000088,99
:65:C250130EUR000000000088,99
:65:C250131EUR000000000088,99
:20:940S250128
:25:NL26RABO0324018290 EUR
:28C:25028
:60F:C250127EUR000000000088,99
:61:250128D000000000103,71N064MARF//41229997652
NL93INGB0007939833
:86:/MARF/102444054U/EREF/279U000956679031/TRCD/064/ORDP//NAME/VODAFO
NE LIBERTEL BV/REMI/Klant Nr 510441023/402386609 Januari Factuur 
Nr 320044345661 zie vodafone.nl/my/CSID/NL85ZZZ140522640000
:62F:D250128EUR000000000014,72
:64:D250128EUR000000000014,72
:65:D250129EUR000000000014,72
:65:D250130EUR000000000014,72
:65:D250131EUR000000000014,72
:65:D250201EUR000000000014,72
:20:940S250129
:25:NL26RABO0324018290 EUR
:28C:25029
:60F:D250128EUR000000000014,72
:62F:D250129EUR000000000014,72
:64:D250129EUR000000000014,72
:65:D250130EUR000000000014,72
:65:D250131EUR000000000014,72
:65:D250201EUR000000000014,72
:65:D250202EUR000000000014,72
:20:940S250130
:25:NL26RABO0324018290 EUR
:28C:25030
:60F:D250129EUR000000000014,72
:61:250130C000000004000,00N541EREF//OO9T004192509591
NL48RABO0332287629
:86:/EREF/OO9B004192509591/PREF/OO9B004192509591/TRCD/541/ORDP//NAME/
C.J.F. Brons/ISDT/2025-01-30
:61:250130D000000003327,50N102EREF//OO9T004192511168
NL81RABO0120668343
:86:/EREF/30-01-2025 22:15 7370164292963740/PREF/OO9B004192510962/TRC
D/102/BENM//NAME/Holthaus Advies B.V./REMI/2784353091Xcb8bf 73701
64292963740 31471 - 2025-6112 xui-25848132/PURP//CD/EPAY/ISDT/202
5-01-30
:62F:C250130EUR000000000657,78
:64:C250130EUR000000000657,78
:65:C250131EUR000000000657,78
:65:C250201EUR000000000657,78
:65:C250202EUR000000000657,78
:65:C250203EUR000000000657,78
:20:940S250131
:25:NL26RABO0324018290 EUR
:28C:25031
:60F:C250130EUR000000000657,78
:62F:C250131EUR000000000657,78
:64:C250131EUR000000000657,78
:65:C250201EUR000000000657,78
:65:C250202EUR000000000657,78
:65:C250203EUR000000000657,78
:65:C250204EUR000000000657,78
:20:940S250201
:25:NL26RABO0324018290 EUR
:28C:25032
:60F:C250131EUR000000000657,78
:61:250201D000000000053,63N102EREF//OO9T004200854851
NL35RABO0117713678
:86:/EREF/01-02-2025 23:38 7370715798808298/PREF/OO9B004200854855/TRC
D/102/BENM//NAME/Mywheels/REMI/2787454269X3dbc0 7370715798808298 
Tegoedbon xui-25848132/PURP//CD/EPAY/ISDT/2025-02-01
:62F:C250201EUR000000000604,15
:64:C250201EUR000000000604,15
:65:C250202EUR000000000604,15
:65:C250203EUR000000000604,15
:65:C250204EUR000000000604,15
:65:C250205EUR000000000604,15
:20:940S250202
:25:NL26RABO0324018290 EUR
:28C:25033
:60F:C250201EUR000000000604,15
:62F:C250202EUR000000000604,15
:64:C250202EUR000000000604,15
:65:C250203EUR000000000604,15
:65:C250204EUR000000000604,15
:65:C250205EUR000000000604,15
:65:C250206EUR000000000604,15
:20:940S250203
:25:NL26RABO0324018290 EUR
:28C:25034
:60F:C250202EUR000000000604,15
:61:250203C000000005000,00N541EREF//41273609929
DE91200300000602006868
:86:/EREF/108844-132710687-794406/TRCD/541/ORDP//NAME/MGM MODELS GMBH
/REMI/Part 1 of 2 statements 1142a,1173a,1215a/24/ISDT/2025-02-03
:61:250203D000000005000,00N544EREF//OO9T004205579991
NL48RABO0332287629
:86:/EREF/OO9B004205579991/PREF/OO9B004205579991/TRCD/544/BENM//NAME/
C J F BRONS/ISDT/2025-02-03
:61:250204D000000000080,10N102EREF//OO9T004207195038
NL26INGB0006865503
:86:/EREF/03-02-2025 21:32 7051694595952520/PREF/OO9B004207195228/TRC
D/102/BENM//NAME/Kamer van Koophandel QR betalingen via CCV Group
 BV/REMI/I250203203239044CBACDD6ANF 7051694595952520 Betaling fac
tuur 240905087 Kamer van Koophandel QR betalingen xui-25848132/PU
RP//CD/EPAY/ISDT/2025-02-04
:61:250204D000000000080,10N102EREF//OO9T004207196273
NL26INGB0006865503
:86:/EREF/03-02-2025 21:33 7051214574950042/PREF/OO9B004207196378/TRC
D/102/BENM//NAME/Kamer van Koophandel QR betalingen via CCV Group
 BV/REMI/I250203203305888CBACDCF2NF 7051214574950042 Betaling fac
tuur 240904606 Kamer van Koophandel QR betalingen xui-25848132/PU
RP//CD/EPAY/ISDT/2025-02-04
:61:250201D000000000028,00N093NONREF//NP8A000051367865
NL26RABO0324018290
:86:/TRCD/093/BENM//NAME/Rabobank/REMI/Kosten                        
     Periode 01-01-2025 t/m 31-01-2025/ISDT/2025-02-03
:62F:C250203EUR000000000415,95
:64:C250203EUR000000000415,95
:65:C250204EUR000000000415,95
:65:C250205EUR000000000415,95
:65:C250206EUR000000000415,95
:65:C250207EUR000000000415,95
:20:940S250204
:25:NL26RABO0324018290 EUR
:28C:25035
:60F:C250203EUR000000000415,95
:62F:C250204EUR000000000415,95
:64:C250204EUR000000000415,95
:65:C250205EUR000000000415,95
:65:C250206EUR000000000415,95
:65:C250207EUR000000000415,95
:65:C250208EUR000000000415,95
:20:940S250205
:25:NL26RABO0324018290 EUR
:28C:25036
:60F:C250204EUR000000000415,95
:61:250206D000000000010,10N102EREF//OO9T004213194122
NL04ADYB2017400157
:86:/EREF/05-02-2025 21:15 7180414271795887/PREF/OO9B004213194281/TRC
D/102/BENM//NAME/Bolt Technology OU/REMI/HSB3MFMTBVWHMTX32LUSJ 71
80414271795887 BOLT.EU/O/2502052015 xui-25848132/PURP//CD/EPAY/IS
DT/2025-02-06
:62F:C250205EUR000000000405,85
:64:C250205EUR000000000405,85
:65:C250206EUR000000000405,85
:65:C250207EUR000000000405,85
:65:C250208EUR000000000405,85
:65:C250209EUR000000000405,85
:20:940S250206
:25:NL26RABO0324018290 EUR
:28C:25037
:60F:C250205EUR000000000405,85
:61:250206D000000000013,69N065MARF//OM1T003364233719
NL60RABO0300281390
:86:/MARF/000080243666/EREF/053755202553/TRCD/065/ORDP//NAME/Interpol
is/REMI/Zeza Polis 155298871 Periode 01.02.2025 - 01.03.2025 Inte
rpolis/CSID/NL67ZZZ080534100004
:61:250206D000000000010,00N102EREF//OO9T004214305743
NL04ADYB2017400157
:86:/EREF/06-02-2025 10:43 7180236692733313/PREF/OO9B004214305890/TRC
D/102/BENM//NAME/Bolt Technology OU/REMI/PTKLFBTFR7J9RPG62LUSJ 71
80236692733313 BOLT.EU/O/2502060943 xui-25848132/PURP//CD/EPAY/IS
DT/2025-02-06
:61:250206D000000000010,10N102EREF//OO9T004215046321
NL04ADYB2017400157
:86:/EREF/06-02-2025 14:28 7180955489703937/PREF/OO9B004215046441/TRC
D/102/BENM//NAME/Bolt Technology OU/REMI/WMN78CGVBDW5W9Z32LUSJ 71
80955489703937 BOLT.EU/O/2502061327 xui-25848132/PURP//CD/EPAY/IS
DT/2025-02-06
:61:250207D000000000010,00N102EREF//OO9T004215317001
NL04ADYB2017400157
:86:/EREF/06-02-2025 15:52 7180675798793757/PREF/OO9B004215317363/TRC
D/102/BENM//NAME/Bolt Technology OU/REMI/WRZ2R3CFCZN9SKF32LUSJ 71
80675798793757 BOLT.EU/O/2502061452 xui-25848132/PURP//CD/EPAY/IS
DT/2025-02-07
:61:250207D000000000021,80N102EREF//OO9T004215960439
NL04ADYB2017400157
:86:/EREF/06-02-2025 19:00 7180745777522083/PREF/OO9B004215960210/TRC
D/102/BENM//NAME/Bolt Technology OU/REMI/DL7PGDQX5Q6Z7GX32LUSJ 71
80745777522083 BOLT.EU/O/2502061800 xui-25848132/PURP//CD/EPAY/IS
DT/2025-02-07
:62F:C250206EUR000000000340,26
:64:C250206EUR000000000340,26
:65:C250207EUR000000000340,26
:65:C250208EUR000000000340,26
:65:C250209EUR000000000340,26
:65:C250210EUR000000000340,26
:20:940S250207
:25:NL26RABO0324018290 EUR
:28C:25038
:60F:C250206EUR000000000340,26
:61:250207C000000002370,90N541EREF//41299935086
DE91200300000602006868
:86:/EREF/108874-132710918-917797/TRCD/541/ORDP//NAME/MGM MODELS GMBH
/REMI/Part 2 of 2 statements 1142a,1173a,1215a/24/ISDT/2025-02-07
:61:250210D000000000039,50N102EREF//OO9T004219747542
NL04ADYB2017400157
:86:/EREF/07-02-2025 21:22 7180144589550886/PREF/OO9B004219747811/TRC
D/102/BENM//NAME/Bolt Technology OU/REMI/HGFNW3NVQLCBN3Z32LUSJ 71
80144589550886 BOLT.EU/O/2502072022 xui-25848132/PURP//CD/EPAY/IS
DT/2025-02-10
:61:250210D000000000036,40N102EREF//OO9T004219756270
NL04ADYB2017400157
:86:/EREF/07-02-2025 21:26 7180914889699122/PREF/OO9B004219756228/TRC
D/102/BENM//NAME/Bolt Technology OU/REMI/FN9P7W46LWKN5XF32LUSJ 71
80914889699122 BOLT.EU/O/2502072026 xui-25848132/PURP//CD/EPAY/IS
DT/2025-02-10
:62F:C250207EUR000000002635,26
:64:C250207EUR000000002635,26
:65:C250208EUR000000002635,26
:65:C250209EUR000000002635,26
:65:C250210EUR000000002635,26
:65:C250211EUR000000002635,26
:20:940S250208
:25:NL26RABO0324018290 EUR
:28C:25039
:60F:C250207EUR000000002635,26
:61:250208D000000002200,00N544EREF//OO9T004220461727
NL48RABO0332287629
:86:/EREF/OO9B004220461727/PREF/OO9B004220461727/TRCD/544/BENM//NAME/
C J F BRONS/ISDT/2025-02-08
:62F:C250208EUR000000000435,26
:64:C250208EUR000000000435,26
:65:C250209EUR000000000435,26
:65:C250210EUR000000000435,26
:65:C250211EUR000000000435,26
:65:C250212EUR000000000435,26
:20:940S250209
:25:NL26RABO0324018290 EUR
:28C:25040
:60F:C250208EUR000000000435,26
:61:250210D000000000041,00N102EREF//OO9T004223244971
NL04ADYB2017400157
:86:/EREF/09-02-2025 06:48 7180324880723599/PREF/OO9B004223245154/TRC
D/102/BENM//NAME/Bolt Technology OU/REMI/RB32FHWT3329KBZ32LUSJ 71
80324880723599 BOLT.EU/O/2502090548 xui-25848132/PURP//CD/EPAY/IS
DT/2025-02-10
:62F:C250209EUR000000000394,26
:64:C250209EUR000000000394,26
:65:C250210EUR000000000394,26
:65:C250211EUR000000000394,26
:65:C250212EUR000000000394,26
:65:C250213EUR000000000394,26
:20:940S250210
:25:NL26RABO0324018290 EUR
:28C:25041
:60F:C250209EUR000000000394,26
:61:250210C000000000036,40N541EREF//41308913391
NL92ADYB2017400998
:86:/EREF/TX263165780XT/TRCD/541/ORDP//NAME/BOLT.EU/REMI/TX263165780X
T Refund BOLT.EU/O/2502072026/ISDT/2025-02-10
:61:250210C000000000039,50N541EREF//41308913388
NL92ADYB2017400998
:86:/EREF/TX2029413920XT/TRCD/541/ORDP//NAME/BOLT.EU/REMI/TX202941392
0XT Refund BOLT.EU/O/2502072022/ISDT/2025-02-10
:62F:C250210EUR000000000470,16
:64:C250210EUR000000000470,16
:65:C250211EUR000000000470,16
:65:C250212EUR000000000470,16
:65:C250213EUR000000000470,16
:65:C250214EUR000000000470,16
:20:940S250211
:25:NL26RABO0324018290 EUR
:28C:25042
:60F:C250210EUR000000000470,16
:61:250211C000000014201,77N541NONREF//PEIP-20250211155
NL96ABNA0846199866
:86:/TRCD/541/ORDP//NAME/SKINS MODEL MANAGEMENT/REMI/Statement/ISDT/2
025-02-11
:61:250211D000000014300,00N544EREF//OO9T004231817636
NL48RABO0332287629
:86:/EREF/OO9B004231817636/PREF/OO9B004231817636/TRCD/544/BENM//NAME/
C J F BRONS/ISDT/2025-02-11
:62F:C250211EUR000000000371,93
:64:C250211EUR000000000371,93
:65:C250212EUR000000000371,93
:65:C250213EUR000000000371,93
:65:C250214EUR000000000371,93
:65:C250215EUR000000000371,93
:20:940S250212
:25:NL26RABO0324018290 EUR
:28C:25043
:60F:C250211EUR000000000371,93
:62F:C250212EUR000000000371,93
:64:C250212EUR000000000371,93
:65:C250213EUR000000000371,93
:65:C250214EUR000000000371,93
:65:C250215EUR000000000371,93
:65:C250216EUR000000000371,93
:20:940S250213
:25:NL26RABO0324018290 EUR
:28C:25044
:60F:C250212EUR000000000371,93
:61:250213D000000000025,00N065MARF//OM1T003370813737
NL35RABO0117713678
:86:/MARF/IO-7450-2168-8713/EREF/SCFG-N8RX/TRCD/065/ORDP//NAME/Sticht
ing Pay.nl/REMI/Pay.nl inzake Mywheels / Verzamelfactuur 2853756 
/ mywheels.nl / IO-7450-2168-8713/CSID/NL29ZZZ501527690000/ULTD//
NAME/Mywheels
:62F:C250213EUR000000000346,93
:64:C250213EUR000000000346,93
:65:C250214EUR000000000346,93
:65:C250215EUR000000000346,93
:65:C250216EUR000000000346,93
:65:C250217EUR000000000346,93
:20:940S250214
:25:NL26RABO0324018290 EUR
:28C:25045
:60F:C250213EUR000000000346,93
:62F:C250214EUR000000000346,93
:64:C250214EUR000000000346,93
:65:C250215EUR000000000346,93
:65:C250216EUR000000000346,93
:65:C250217EUR000000000346,93
:65:C250218EUR000000000346,93
:20:940S250215
:25:NL26RABO0324018290 EUR
:28C:25046
:60F:C250214EUR000000000346,93
:62F:C250215EUR000000000346,93
:64:C250215EUR000000000346,93
:65:C250216EUR000000000346,93
:65:C250217EUR000000000346,93
:65:C250218EUR000000000346,93
:65:C250219EUR000000000346,93
:20:940S250216
:25:NL26RABO0324018290 EUR
:28C:25047
:60F:C250215EUR000000000346,93
:62F:C250216EUR000000000346,93
:64:C250216EUR000000000346,93
:65:C250217EUR000000000346,93
:65:C250218EUR000000000346,93
:65:C250219EUR000000000346,93
:65:C250220EUR000000000346,93
:20:940S250217
:25:NL26RABO0324018290 EUR
:28C:25048
:60F:C250216EUR000000000346,93
:62F:C250217EUR000000000346,93
:64:C250217EUR000000000346,93
:65:C250218EUR000000000346,93
:65:C250219EUR000000000346,93
:65:C250220EUR000000000346,93
:65:C250221EUR000000000346,93
:20:940S250218
:25:NL26RABO0324018290 EUR
:28C:25049
:60F:C250217EUR000000000346,93
:61:250218D000000000009,80N064MARF//41386822977
NL59ABNA0590849875
:86:/MARF/200000896912/EREF/220038053439/TRCD/064/ORDP//NAME/NS GROEP
 IZ NS REIZIGERS/REMI/Factuur: 422001005783/CSID/NL03ZZZ301243580
000
:62F:C250218EUR000000000337,13
:64:C250218EUR000000000337,13
:65:C250219EUR000000000337,13
:65:C250220EUR000000000337,13
:65:C250221EUR000000000337,13
:65:C250222EUR000000000337,13
:20:940S250219
:25:NL26RABO0324018290 EUR
:28C:25050
:60F:C250218EUR000000000337,13
:62F:C250219EUR000000000337,13
:64:C250219EUR000000000337,13
:65:C250220EUR000000000337,13
:65:C250221EUR000000000337,13
:65:C250222EUR000000000337,13
:65:C250223EUR000000000337,13
:20:940S250220
:25:NL26RABO0324018290 EUR
:28C:25051
:60F:C250219EUR000000000337,13
:62F:C250220EUR000000000337,13
:64:C250220EUR000000000337,13
:65:C250221EUR000000000337,13
:65:C250222EUR000000000337,13
:65:C250223EUR000000000337,13
:65:C250224EUR000000000337,13
:20:940S250221
:25:NL26RABO0324018290 EUR
:28C:25052
:60F:C250220EUR000000000337,13
:62F:C250221EUR000000000337,13
:64:C250221EUR000000000337,13
:65:C250222EUR000000000337,13
:65:C250223EUR000000000337,13
:65:C250224EUR000000000337,13
:65:C250225EUR000000000337,13
:20:940S250222
:25:NL26RABO0324018290 EUR
:28C:25053
:60F:C250221EUR000000000337,13
:62F:C250222EUR000000000337,13
:64:C250222EUR000000000337,13
:65:C250223EUR000000000337,13
:65:C250224EUR000000000337,13
:65:C250225EUR000000000337,13
:65:C250226EUR000000000337,13
:20:940S250223
:25:NL26RABO0324018290 EUR
:28C:25054
:60F:C250222EUR000000000337,13
:61:250223C000000001000,00N541EREF//OO9T004269232584
NL48RABO0332287629
:86:/EREF/OO9B004269232584/PREF/OO9B004269232584/TRCD/541/ORDP//NAME/
C.J.F. Brons/ISDT/2025-02-23
:61:250224D000000000983,46N102EREF//OO9T004269234180
NL04ADYB2017400157
:86:/EREF/23-02-2025 19:22 7180544289471671/PREF/OO9B004269234472/TRC
D/102/BENM//NAME/KLM/REMI/K2C54MR3LKLMXLX32K61D 7180544289471671 
Airline xui-25848132/PURP//CD/EPAY/ISDT/2025-02-24
:61:250223D000000000008,88N102EREF//OO9T004269849326
NL35RABO0117713678
:86:/EREF/23-02-2025 23:40 7370024898470330/PREF/OO9B004269849648/TRC
D/102/BENM//NAME/Mywheels/REMI/2814639186X9c657 7370024898470330 
Tegoedbon xui-25848132/PURP//CD/EPAY/ISDT/2025-02-23
:62F:C250223EUR000000000344,79
:64:C250223EUR000000000344,79
:65:C250224EUR000000000344,79
:65:C250225EUR000000000344,79
:65:C250226EUR000000000344,79
:65:C250227EUR000000000344,79
:20:940S250224
:25:NL26RABO0324018290 EUR
:28C:25055
:60F:C250223EUR000000000344,79
:61:250224D000000000033,10N102EREF//OO9T004270547893
NL04ADYB2017400157
:86:/EREF/24-02-2025 07:14 7180535491958611/PREF/OO9B004270547642/TRC
D/102/BENM//NAME/Bolt Technology OU/REMI/H53KL26HG3C7T9F32LUSJ 71
80535491958611 BOLT.EU/O/2502240614 xui-25848132/PURP//CD/EPAY/IS
DT/2025-02-24
:61:250224C000000000033,10N541EREF//41429137803
NL92ADYB2017400998
:86:/EREF/TX1787038540XT/TRCD/541/ORDP//NAME/BOLT.EU/REMI/TX178703854
0XT Refund BOLT.EU/O/2502240614/ISDT/2025-02-24
:61:250224D000000005062,46N074NONREF
0000000000
:86:/TRCD/074/BENM//NAME/Rabobank Nederland/REMI/Kaartnummer: ****.**
**.****.4315 Zie rekeningoverzicht 20-02-2025
:61:250224C000000005000,00N541EREF//OO9T004274407194
NL48RABO0332287629
:86:/EREF/OO9B004274407194/PREF/OO9B004274407194/TRCD/541/ORDP//NAME/
C.J.F. Brons/ISDT/2025-02-24
:62F:C250224EUR000000000282,33
:64:C250224EUR000000000282,33
:65:C250225EUR000000000282,33
:65:C250226EUR000000000282,33
:65:C250227EUR000000000282,33
:65:C250228EUR000000000282,33
:20:940S250225
:25:NL26RABO0324018290 EUR
:28C:25056
:60F:C250224EUR000000000282,33
:61:250226D000000000008,00N102EREF//OO9T004277808785
NL04ADYB2017400157
:86:/EREF/25-02-2025 15:24 7180574882986874/PREF/OO9B004277809132/TRC
D/102/BENM//NAME/Bolt Technology OU/REMI/DVN9Q5B9L7ZNX5F32LUSJ 71
80574882986874 BOLT.EU/O/2502251423 xui-25848132/PURP//CD/EPAY/IS
DT/2025-02-26
:61:250226D000000000012,60N102EREF//OO9T004277921192
NL04ADYB2017400157
:86:/EREF/25-02-2025 15:51 7180984286044516/PREF/OO9B004277921737/TRC
D/102/BENM//NAME/Bolt Technology OU/REMI/Z4C9J3PPZP8TFZF32LUSJ 71
80984286044516 BOLT.EU/O/2502251451 xui-25848132/PURP//CD/EPAY/IS
DT/2025-02-26
:61:250225C000000000008,00N541EREF//41441594835
NL92ADYB2017400998
:86:/EREF/TX1813921950XT/TRCD/541/ORDP//NAME/BOLT.EU/REMI/TX181392195
0XT Refund BOLT.EU/O/2502251423/ISDT/2025-02-25
:62F:C250225EUR000000000269,73
:64:C250225EUR000000000269,73
:65:C250226EUR000000000269,73
:65:C250227EUR000000000269,73
:65:C250228EUR000000000269,73
:65:C250301EUR000000000269,73
:20:940S250226
:25:NL26RABO0324018290 EUR
:28C:25057
:60F:C250225EUR000000000269,73
:62F:C250226EUR000000000269,73
:64:C250226EUR000000000269,73
:65:C250227EUR000000000269,73
:65:C250228EUR000000000269,73
:65:C250301EUR000000000269,73
:65:C250302EUR000000000269,73
:20:940S250227
:25:NL26RABO0324018290 EUR
:28C:25058
:60F:C250226EUR000000000269,73
:61:250227D000000000010,45N065MARF//OM1T003396872916
NL60RABO0300281390
:86:/MARF/000005027002/EREF/056671609190/TRCD/065/ORDP//NAME/Interpol
is/REMI/Alles in een Polis 301583269 Periode 27.02.2025 - 27.03.2
025 Interpolis/CSID/NL67ZZZ080534100004
:61:250227D000000000103,07N064MARF//41454380958
NL93INGB0007939833
:86:/MARF/102444054U/EREF/279U000962347463/TRCD/064/ORDP//NAME/VODAFO
NE LIBERTEL BV/REMI/Klant Nr 510441023/402386609 Februari Factuur
 Nr 320052984986 zie vodafone.nl/my/CSID/NL85ZZZ140522640000
:62F:C250227EUR000000000156,21
:64:C250227EUR000000000156,21
:65:C250228EUR000000000156,21
:65:C250301EUR000000000156,21
:65:C250302EUR000000000156,21
:65:C250303EUR000000000156,21
:20:940S250228
:25:NL26RABO0324018290 EUR
:28C:25059
:60F:C250227EUR000000000156,21
:62F:C250228EUR000000000156,21
:64:C250228EUR000000000156,21
:65:C250301EUR000000000156,21
:65:C250302EUR000000000156,21
:65:C250303EUR000000000156,21
:65:C250304EUR000000000156,21
:20:940S250301
:25:NL26RABO0324018290 EUR
:28C:25060
:60F:C250228EUR000000000156,21
:61:250303D000000000022,70N102EREF//OO9T004296947437
NL04ADYB2017400157
:86:/EREF/01-03-2025 18:26 7180674873943008/PREF/OO9B004296947445/TRC
D/102/BENM//NAME/Bolt Technology OU/REMI/VP74ZW5BVV968HD32LUSJ 71
80674873943008 BOLT.EU/O/2503011726 xui-25848132/PURP//CD/EPAY/IS
DT/2025-03-03
:61:250303D000000000025,40N102EREF//OO9T004296955898
NL04ADYB2017400157
:86:/EREF/01-03-2025 18:29 7180115186003569/PREF/OO9B004296955947/TRC
D/102/BENM//NAME/Bolt Technology OU/REMI/ZTFZ4D5H2ML4KSZ32LUSJ 71
80115186003569 BOLT.EU/O/2503011729 xui-25848132/PURP//CD/EPAY/IS
DT/2025-03-03
:61:250303D000000000026,60N102EREF//OO9T004296960902
NL04ADYB2017400157
:86:/EREF/01-03-2025 18:31 7180525495154679/PREF/OO9B004296959963/TRC
D/102/BENM//NAME/Bolt Technology OU/REMI/PR9MM89KB9WSFZF32LUSJ 71
80525495154679 BOLT.EU/O/2503011731 xui-25848132/PURP//CD/EPAY/IS
DT/2025-03-03
:62F:C250301EUR000000000081,51
:64:C250301EUR000000000081,51
:65:C250302EUR000000000081,51
:65:C250303EUR000000000081,51
:65:C250304EUR000000000081,51
:65:C250305EUR000000000081,51
:20:940S250302
:25:NL26RABO0324018290 EUR
:28C:25061
:60F:C250301EUR000000000081,51
:62F:C250302EUR000000000081,51
:64:C250302EUR000000000081,51
:65:C250303EUR000000000081,51
:65:C250304EUR000000000081,51
:65:C250305EUR000000000081,51
:65:C250306EUR000000000081,51
:20:940S250303
:25:NL26RABO0324018290 EUR
:28C:25062
:60F:C250302EUR000000000081,51
:61:250303C000000000022,70N541EREF//41516573354
NL92ADYB2017400998
:86:/EREF/TX2052131520XT/TRCD/541/ORDP//NAME/BOLT.EU/REMI/TX205213152
0XT Refund BOLT.EU/O/2503011726/ISDT/2025-03-03
:61:250303C000000000025,40N541EREF//41516573208
NL92ADYB2017400998
:86:/EREF/TX2052133920XT/TRCD/541/ORDP//NAME/BOLT.EU/REMI/TX205213392
0XT Refund BOLT.EU/O/2503011729/ISDT/2025-03-03
:61:250303C000000000026,60N541EREF//41516573514
NL92ADYB2017400998
:86:/EREF/TX1817563050XT/TRCD/541/ORDP//NAME/BOLT.EU/REMI/TX181756305
0XT Refund BOLT.EU/O/2503011731/ISDT/2025-03-03
:61:250301D000000000025,78N093NONREF//NP8A000070618870
NL26RABO0324018290
:86:/TRCD/093/BENM//NAME/Rabobank/REMI/Kosten                        
     Periode 01-02-2025 t/m 28-02-2025/ISDT/2025-03-03
:61:250304D000000000047,20N102EREF//OO9T004303870759
NL04ADYB2017400157
:86:/EREF/03-03-2025 22:41 7180616071028586/PREF/OO9B004303870876/TRC
D/102/BENM//NAME/Bolt Technology OU/REMI/TB6RRKPKHCPRKWX32LUSJ 71
80616071028586 BOLT.EU/O/2503032141 xui-25848132/PURP//CD/EPAY/IS
DT/2025-03-04
:62F:C250303EUR000000000083,23
:64:C250303EUR000000000083,23
:65:C250304EUR000000000083,23
:65:C250305EUR000000000083,23
:65:C250306EUR000000000083,23
:65:C250307EUR000000000083,23
:20:940S250304
:25:NL26RABO0324018290 EUR
:28C:25063
:60F:C250303EUR000000000083,23
:61:250304C000000002415,00N541EREF//41520549083
SE6680000810592376721417
:86:/EREF/1250303812076/TRCD/541/ORDP//NAME/MODELLINK AB/REMI/PAYMENT
 FOR VOICE JOB 20250110/ISDT/2025-03-04
:61:250304C000000004400,00N541NONREF//41521320287
DE50300700240390358000
:86:/TRCD/541/ORDP//NAME/International Model Management Europe e.K./R
EMI/G 07340/ISDT/2025-03-04
:61:250304D000000006500,00N544EREF//OO9T004304865600
NL48RABO0332287629
:86:/EREF/OO9B004304865600/PREF/OO9B004304865600/TRCD/544/BENM//NAME/
C J F BRONS/ISDT/2025-03-04
:62F:C250304EUR000000000398,23
:64:C250304EUR000000000398,23
:65:C250305EUR000000000398,23
:65:C250306EUR000000000398,23
:65:C250307EUR000000000398,23
:65:C250308EUR000000000398,23
:20:940S250305
:25:NL26RABO0324018290 EUR
:28C:25064
:60F:C250304EUR000000000398,23
:61:250305D000000000180,56N102EREF//OO9T004309688569
NL35RABO0117713678
:86:/EREF/05-03-2025 19:23 7370926991902799/PREF/OO9B004309688583/TRC
D/102/BENM//NAME/Mywheels/REMI/2828463228X0c8f4 7370926991902799 
Tegoedbon xui-25848132/PURP//CD/EPAY/ISDT/2025-03-05
:62F:C250305EUR000000000217,67
:64:C250305EUR000000000217,67
:65:C250306EUR000000000217,67
:65:C250307EUR000000000217,67
:65:C250308EUR000000000217,67
:65:C250309EUR000000000217,67
:20:940S250306
:25:NL26RABO0324018290 EUR
:28C:25065
:60F:C250305EUR000000000217,67
:61:250306D000000000013,69N065MARF//OM1T003412096113
NL60RABO0300281390
:86:/MARF/000080243666/EREF/053009302148/TRCD/065/ORDP//NAME/Interpol
is/REMI/Zeza Polis 155298871 Periode 01.03.2025 - 01.04.2025 Inte
rpolis/CSID/NL67ZZZ080534100004
:62F:C250306EUR000000000203,98
:64:C250306EUR000000000203,98
:65:C250307EUR000000000203,98
:65:C250308EUR000000000203,98
:65:C250309EUR000000000203,98
:65:C250310EUR000000000203,98
:20:940S250307
:25:NL26RABO0324018290 EUR
:28C:25066
:60F:C250306EUR000000000203,98
:61:250307D000000000009,00N102EREF//OO9T004314289895
NL04ADYB2017400157
:86:/EREF/07-03-2025 10:13 7180856670834777/PREF/OO9B004314289952/TRC
D/102/BENM//NAME/Bolt Technology OU/REMI/D3N3THKBVBVNHFF32LUSJ 71
80856670834777 BOLT.EU/O/2503070912 xui-25848132/PURP//CD/EPAY/IS
DT/2025-03-07
:62F:C250307EUR000000000194,98
:64:C250307EUR000000000194,98
:65:C250308EUR000000000194,98
:65:C250309EUR000000000194,98
:65:C250310EUR000000000194,98
:65:C250311EUR000000000194,98
:20:940S250308
:25:NL26RABO0324018290 EUR
:28C:25067
:60F:C250307EUR000000000194,98
:62F:C250308EUR000000000194,98
:64:C250308EUR000000000194,98
:65:C250309EUR000000000194,98
:65:C250310EUR000000000194,98
:65:C250311EUR000000000194,98
:65:C250312EUR000000000194,98
:20:940S250309
:25:NL26RABO0324018290 EUR
:28C:25068
:60F:C250308EUR000000000194,98
:62F:C250309EUR000000000194,98
:64:C250309EUR000000000194,98
:65:C250310EUR000000000194,98
:65:C250311EUR000000000194,98
:65:C250312EUR000000000194,98
:65:C250313EUR000000000194,98
:20:940S250310
:25:NL26RABO0324018290 EUR
:28C:25069
:60F:C250309EUR000000000194,98
:62F:C250310EUR000000000194,98
:64:C250310EUR000000000194,98
:65:C250311EUR000000000194,98
:65:C250312EUR000000000194,98
:65:C250313EUR000000000194,98
:65:C250314EUR000000000194,98
:20:940S250311
:25:NL26RABO0324018290 EUR
:28C:25070
:60F:C250310EUR000000000194,98
:61:250312D000000000010,60N102EREF//OO9T004327947036
NL04ADYB2017400157
:86:/EREF/11-03-2025 19:23 7180294288853137/PREF/OO9B004327946872/TRC
D/102/BENM//NAME/Bolt Technology OU/REMI/PG36C7H9PR2SWRF62LUSJ 71
80294288853137 BOLT.EU/O/2503111823 xui-25848132/PURP//CD/EPAY/IS
DT/2025-03-12
:61:250312D000000000014,20N102EREF//OO9T004327958789
NL04ADYB2017400157
:86:/EREF/11-03-2025 19:26 7180124897882990/PREF/OO9B004327959015/TRC
D/102/BENM//NAME/Bolt Technology OU/REMI/J24M24BVL23FLNG32LUSJ 71
80124897882990 BOLT.EU/O/2503111826 xui-25848132/PURP//CD/EPAY/IS
DT/2025-03-12
:62F:C250311EUR000000000170,18
:64:C250311EUR000000000170,18
:65:C250312EUR000000000170,18
:65:C250313EUR000000000170,18
:65:C250314EUR000000000170,18
:65:C250315EUR000000000170,18
:20:940S250312
:25:NL26RABO0324018290 EUR
:28C:25071
:60F:C250311EUR000000000170,18
:61:250312D000000000003,15N102EREF//OO9T004329102420
NL35RABO0117713678
:86:/EREF/12-03-2025 09:16 7370946385639624/PREF/OO9B004329102566/TRC
D/102/BENM//NAME/Mywheels/REMI/2836297035X649fd 7370946385639624 
Tegoedbon xui-25848132/PURP//CD/EPAY/ISDT/2025-03-12
:61:250312D000000000013,10N102EREF//OO9T004329217833
NL04ADYB2017400157
:86:/EREF/12-03-2025 09:57 7180506670761691/PREF/OO9B004329218118/TRC
D/102/BENM//NAME/Bolt Technology OU/REMI/MQSNBVZNVB9JRBX32LUSJ 71
80506670761691 BOLT.EU/O/2503120856 xui-25848132/PURP//CD/EPAY/IS
DT/2025-03-12
:61:250312C000000000010,60N541EREF//41565240706
NL92ADYB2017400998
:86:/EREF/TX1933268830XT/TRCD/541/ORDP//NAME/BOLT.EU/REMI/TX193326883
0XT Refund BOLT.EU/O/2503111823/ISDT/2025-03-12
:61:250312C000000000014,20N541EREF//41565229355
NL92ADYB2017400998
:86:/EREF/TX534838470XT/TRCD/541/ORDP//NAME/BOLT.EU/REMI/TX534838470X
T Refund BOLT.EU/O/2503111826/ISDT/2025-03-12
:62F:C250312EUR000000000178,73
:64:C250312EUR000000000178,73
:65:C250313EUR000000000178,73
:65:C250314EUR000000000178,73
:65:C250315EUR000000000178,73
:65:C250316EUR000000000178,73
:20:940S250313
:25:NL26RABO0324018290 EUR
:28C:25072
:60F:C250312EUR000000000178,73
:61:250313D000000000025,00N065MARF//OM1T003418294358
NL35RABO0117713678
:86:/MARF/IO-5585-5227-9943/EREF/SCFT-JEL3/TRCD/065/ORDP//NAME/Sticht
ing Pay.nl/REMI/Pay.nl inzake Mywheels / Verzamelfactuur 2909070 
/ mywheels.nl / IO-5585-5227-9943/CSID/NL29ZZZ501527690000/ULTD//
NAME/Mywheels
:62F:C250313EUR000000000153,73
:64:C250313EUR000000000153,73
:65:C250314EUR000000000153,73
:65:C250315EUR000000000153,73
:65:C250316EUR000000000153,73
:65:C250317EUR000000000153,73
:20:940S250314
:25:NL26RABO0324018290 EUR
:28C:25073
:60F:C250313EUR000000000153,73
:62F:C250314EUR000000000153,73
:64:C250314EUR000000000153,73
:65:C250315EUR000000000153,73
:65:C250316EUR000000000153,73
:65:C250317EUR000000000153,73
:65:C250318EUR000000000153,73
:20:940S250315
:25:NL26RABO0324018290 EUR
:28C:25074
:60F:C250314EUR000000000153,73
:61:250317D000000000015,30N102EREF//OO9T004338637424
NL04ADYB2017400157
:86:/EREF/15-03-2025 08:58 7180135776782982/PREF/OO9B004338637537/TRC
D/102/BENM//NAME/Bolt Technology OU/REMI/SVS7L28RVD7DLNG32LUSJ 71
80135776782982 BOLT.EU/O/2503150758 xui-25848132/PURP//CD/EPAY/IS
DT/2025-03-17
:62F:C250315EUR000000000138,43
:64:C250315EUR000000000138,43
:65:C250316EUR000000000138,43
:65:C250317EUR000000000138,43
:65:C250318EUR000000000138,43
:65:C250319EUR000000000138,43
:20:940S250316
:25:NL26RABO0324018290 EUR
:28C:25075
:60F:C250315EUR000000000138,43
:61:250317D000000000034,60N102EREF//OO9T004342788806
NL04ADYB2017400157
:86:/EREF/16-03-2025 16:43 7180495185597990/PREF/OO9B004342785056/TRC
D/102/BENM//NAME/Bolt Technology OU/REMI/FNRSNQW33XQLS5Z32LUSJ 71
80495185597990 BOLT.EU/O/2503161543 xui-25848132/PURP//CD/EPAY/IS
DT/2025-03-17
:62F:C250316EUR000000000103,83
:64:C250316EUR000000000103,83
:65:C250317EUR000000000103,83
:65:C250318EUR000000000103,83
:65:C250319EUR000000000103,83
:65:C250320EUR000000000103,83
:20:940S250317
:25:NL26RABO0324018290 EUR
:28C:25076
:60F:C250316EUR000000000103,83
:61:250317C000000000015,30N541EREF//41583501137
NL92ADYB2017400998
:86:/EREF/TX2066559620XT/TRCD/541/ORDP//NAME/Bolt Technology OUe/REMI
/TX2066559620XT Refund BOLT.EU/O/2503150758/ISDT/2025-03-17
:62F:C250317EUR000000000119,13
:64:C250317EUR000000000119,13
:65:C250318EUR000000000119,13
:65:C250319EUR000000000119,13
:65:C250320EUR000000000119,13
:65:C250321EUR000000000119,13
:20:940S250318
:25:NL26RABO0324018290 EUR
:28C:25077
:60F:C250317EUR000000000119,13
:62F:C250318EUR000000000119,13
:64:C250318EUR000000000119,13
:65:C250319EUR000000000119,13
:65:C250320EUR000000000119,13
:65:C250321EUR000000000119,13
:65:C250322EUR000000000119,13
:20:940S250319
:25:NL26RABO0324018290 EUR
:28C:25078
:60F:C250318EUR000000000119,13
:61:250319D000000000030,00N102EREF//OO9T004350324094
NL51DEUT0265262461
:86:/EREF/19-03-2025 07:40 8152705194440610/PREF/OO9B004350324198/TRC
D/102/BENM//NAME/JHS & Supply B.V. via Stichting Mollie Payments/
REMI/b7306d346acaf3105e9f0596834e9f84 8152705194440610 Our Way Ja
panese Head Spa - betalin JHS & Supply B.V. xui-25848132/PURP//CD
/EPAY/ISDT/2025-03-19
:62F:C250319EUR000000000089,13
:64:C250319EUR000000000089,13
:65:C250320EUR000000000089,13
:65:C250321EUR000000000089,13
:65:C250322EUR000000000089,13
:65:C250323EUR000000000089,13
:20:940S250320
:25:NL26RABO0324018290 EUR
:28C:25079
:60F:C250319EUR000000000089,13
:61:250320D000000000023,44N064MARF//41591896130
NL59ABNA0590849875
:86:/MARF/200000896912/EREF/250018304810/TRCD/064/ORDP//NAME/NS GROEP
 IZ NS REIZIGERS/REMI/Factuur: 423001255006/CSID/NL03ZZZ301243580
000
:62F:C250320EUR000000000065,69
:64:C250320EUR000000000065,69
:65:C250321EUR000000000065,69
:65:C250322EUR000000000065,69
:65:C250323EUR000000000065,69
:65:C250324EUR000000000065,69
:20:940S250321
:25:NL26RABO0324018290 EUR
:28C:25080
:60F:C250320EUR000000000065,69
:62F:C250321EUR000000000065,69
:64:C250321EUR000000000065,69
:65:C250322EUR000000000065,69
:65:C250323EUR000000000065,69
:65:C250324EUR000000000065,69
:65:C250325EUR000000000065,69
:20:940S250322
:25:NL26RABO0324018290 EUR
:28C:25081
:60F:C250321EUR000000000065,69
:62F:C250322EUR000000000065,69
:64:C250322EUR000000000065,69
:65:C250323EUR000000000065,69
:65:C250324EUR000000000065,69
:65:C250325EUR000000000065,69
:65:C250326EUR000000000065,69
:20:940S250323
:25:NL26RABO0324018290 EUR
:28C:25082
:60F:C250322EUR000000000065,69
:62F:C250323EUR000000000065,69
:64:C250323EUR000000000065,69
:65:C250324EUR000000000065,69
:65:C250325EUR000000000065,69
:65:C250326EUR000000000065,69
:65:C250327EUR000000000065,69
:20:940S250324
:25:NL26RABO0324018290 EUR
:28C:25083
:60F:C250323EUR000000000065,69
:61:250324D000000005295,02N074NONREF
0000000000
:86:/TRCD/074/BENM//NAME/Rabobank Nederland/REMI/Kaartnummer: ****.**
**.****.4315 Zie rekeningoverzicht 20-03-2025
:62F:D250324EUR000000005229,33
:64:D250324EUR000000005229,33
:65:D250325EUR000000005229,33
:65:D250326EUR000000005229,33
:65:D250327EUR000000005229,33
:65:D250328EUR000000005229,33
:20:940S250325
:25:NL26RABO0324018290 EUR
:28C:25084
:60F:D250324EUR000000005229,33
:62F:D250325EUR000000005229,33
:64:D250325EUR000000005229,33
:65:D250326EUR000000005229,33
:65:D250327EUR000000005229,33
:65:D250328EUR000000005229,33
:65:D250329EUR000000005229,33
:20:940S250326
:25:NL26RABO0324018290 EUR
:28C:25085
:60F:D250325EUR000000005229,33
:61:250326C000000005000,00N541EREF//OO9T004376877425
NL48RABO0332287629
:86:/EREF/OO9B004376877425/PREF/OO9B004376877425/TRCD/541/ORDP//NAME/
C.J.F. Brons/ISDT/2025-03-26
:61:250326C000000006000,00N541EREF//41652694430
NO7750050684595
:86:/EREF/E.O4WU4GOL30APIXGSW2-CFA.198/TRCD/541/ORDP//NAME/Team Model
ler As/REMI/BETALING/PURP//CD/SUPP/ISDT/2025-03-26
:62F:C250326EUR000000005770,67
:64:C250326EUR000000005770,67
:65:C250327EUR000000005770,67
:65:C250328EUR000000005770,67
:65:C250329EUR000000005770,67
:65:C250330EUR000000005770,67
:20:940S250327
:25:NL26RABO0324018290 EUR
:28C:25086
:60F:C250326EUR000000005770,67
:61:250327D000000000010,45N065MARF//OM1T003440872443
NL60RABO0300281390
:86:/MARF/000005027002/EREF/050505115587/TRCD/065/ORDP//NAME/Interpol
is/REMI/Alles in een Polis 301583269 Periode 27.03.2025 - 27.04.2
025 Interpolis/CSID/NL67ZZZ080534100004
:61:250327D000000000097,68N064MARF//41652510031
NL93INGB0007939833
:86:/MARF/102444054U/EREF/279U000967993057/TRCD/064/ORDP//NAME/VODAFO
NE LIBERTEL BV/REMI/Klant Nr 510441023/402386609 Maart Factuur Nr
 320061347100 zie vodafone.nl/my/CSID/NL85ZZZ140522640000
:61:250327D000000005000,00N544EREF//OO9T004382293448
NL48RABO0332287629
:86:/EREF/OO9B004382293448/PREF/OO9B004382293448/TRCD/544/BENM//NAME/
C J F BRONS/ISDT/2025-03-27
:61:250328D000000000037,80N102EREF//OO9T004384717436
NL04ADYB2017400157
:86:/EREF/27-03-2025 20:40 7180654273026634/PREF/OO9B004384717436/TRC
D/102/BENM//NAME/Bolt Technology OU/REMI/QNPN39GK493VQLG62LUSJ 71
80654273026634 BOLT.EU/O/2503271940 xui-25848132/PURP//CD/EPAY/IS
DT/2025-03-28
:62F:C250327EUR000000000624,74
:64:C250327EUR000000000662,54
:65:C250328EUR000000000624,74
:65:C250329EUR000000000624,74
:65:C250330EUR000000000624,74
:65:C250331EUR000000000624,74
:20:940S250328
:25:NL26RABO0324018290 EUR
:28C:25087
:60F:C250327EUR000000000624,74
:61:250328C000000000037,80N541EREF//41669041488
NL92ADYB2017400998
:86:/EREF/TX891410060XT/TRCD/541/ORDP//NAME/Bolt Technology OUe/REMI/
TX891410060XT Refund BOLT.EU/O/2503271940/ISDT/2025-03-28
:62F:C250328EUR000000000662,54
:64:C250328EUR000000000662,54
:65:C250329EUR000000000662,54
:65:C250330EUR000000000662,54
:65:C250331EUR000000000662,54
:65:C250401EUR000000000662,54
:20:940S250329
:25:NL26RABO0324018290 EUR
:28C:25088
:60F:C250328EUR000000000662,54
:62F:C250329EUR000000000662,54
:64:C250329EUR000000000662,54
:65:C250330EUR000000000662,54
:65:C250331EUR000000000662,54
:65:C250401EUR000000000662,54
:65:C250402EUR000000000662,54
:20:940S250330
:25:NL26RABO0324018290 EUR
:28C:25089
:60F:C250329EUR000000000662,54
:62F:C250330EUR000000000662,54
:64:C250330EUR000000000662,54
:65:C250331EUR000000000662,54
:65:C250401EUR000000000662,54
:65:C250402EUR000000000662,54
:65:C250403EUR000000000662,54
:20:940S250331
:25:NL26RABO0324018290 EUR
:28C:25090
:60F:C250330EUR000000000662,54
:61:250401D000000000100,00N544EREF//OO9T004398376480
SE6680000810592376721417
:86:/EREF/OO9B004398376677/PREF/OO9B004398376677/TRCD/544/BENM//NAME/
MODELLINK AB/ISDT/2025-04-01
:62F:C250331EUR000000000562,54
:64:C250331EUR000000000562,54
:65:C250401EUR000000000562,54
:65:C250402EUR000000000562,54
:65:C250403EUR000000000562,54
:65:C250404EUR000000000562,54
:20:940S250401
:25:NL26RABO0324018290 EUR
:28C:25091
:60F:C250331EUR000000000562,54
:61:250401D000000000012,20N102EREF//OO9T004402189223
NL04ADYB2017400157
:86:/EREF/01-04-2025 11:01 7180386691100863/PREF/OO9B004402188807/TRC
D/102/BENM//NAME/Bolt Technology OU/REMI/F6PPVKB925K5GXW32LUSJ 71
80386691100863 BOLT.EU/O/2504010901 xui-25848132/PURP//CD/EPAY/IS
DT/2025-04-01
:61:250401C000000000012,20N541EREF//41697820693
NL92ADYB2017400998
:86:/EREF/TX1952726730XT/TRCD/541/ORDP//NAME/Bolt Technology OUe/REMI
/TX1952726730XT Refund BOLT.EU/O/2504010901/ISDT/2025-04-01
:62F:C250401EUR000000000562,54
:64:C250401EUR000000000562,54
:65:C250402EUR000000000562,54
:65:C250403EUR000000000562,54
:65:C250404EUR000000000562,54
:65:C250405EUR000000000562,54
