:940:
:20:940S250305
:25:NL40RABO0105688304 EUR
:28C:25064
:60F:C250304EUR000000000000,00
:62F:C250305EUR000000000000,00
:64:C250305EUR000000000000,00
:65:C250306EUR000000000000,00
:65:C250307EUR000000000000,00
:65:C250308EUR000000000000,00
:65:C250309EUR000000000000,00
:20:940S250306
:25:NL40RABO0105688304 EUR
:28C:25065
:60F:C250305EUR000000000000,00
:62F:C250306EUR000000000000,00
:64:C250306EUR000000000000,00
:65:C250307EUR000000000000,00
:65:C250308EUR000000000000,00
:65:C250309EUR000000000000,00
:65:C250310EUR000000000000,00
:20:940S250307
:25:NL40RABO0105688304 EUR
:28C:25066
:60F:C250306EUR000000000000,00
:62F:C250307EUR000000000000,00
:64:C250307EUR000000000000,00
:65:C250308EUR000000000000,00
:65:C250309EUR000000000000,00
:65:C250310EUR000000000000,00
:65:C250311EUR000000000000,00
:20:940S250308
:25:NL40RABO0105688304 EUR
:28C:25067
:60F:C250307EUR000000000000,00
:62F:C250308EUR000000000000,00
:64:C250308EUR000000000000,00
:65:C250309EUR000000000000,00
:65:C250310EUR000000000000,00
:65:C250311EUR000000000000,00
:65:C250312EUR000000000000,00
:20:940S250309
:25:NL40RABO0105688304 EUR
:28C:25068
:60F:C250308EUR000000000000,00
:62F:C250309EUR000000000000,00
:64:C250309EUR000000000000,00
:65:C250310EUR000000000000,00
:65:C250311EUR000000000000,00
:65:C250312EUR000000000000,00
:65:C250313EUR000000000000,00
:20:940S250310
:25:NL40RABO0105688304 EUR
:28C:25069
:60F:C250309EUR000000000000,00
:62F:C250310EUR000000000000,00
:64:C250310EUR000000000000,00
:65:C250311EUR000000000000,00
:65:C250312EUR000000000000,00
:65:C250313EUR000000000000,00
:65:C250314EUR000000000000,00
:20:940S250311
:25:NL40RABO0105688304 EUR
:28C:25070
:60F:C250310EUR000000000000,00
:62F:C250311EUR000000000000,00
:64:C250311EUR000000000000,00
:65:C250312EUR000000000000,00
:65:C250313EUR000000000000,00
:65:C250314EUR000000000000,00
:65:C250315EUR000000000000,00
:20:940S250312
:25:NL40RABO0105688304 EUR
:28C:25071
:60F:C250311EUR000000000000,00
:62F:C250312EUR000000000000,00
:64:C250312EUR000000000000,00
:65:C250313EUR000000000000,00
:65:C250314EUR000000000000,00
:65:C250315EUR000000000000,00
:65:C250316EUR000000000000,00
:20:940S250313
:25:NL40RABO0105688304 EUR
:28C:25072
:60F:C250312EUR000000000000,00
:62F:C250313EUR000000000000,00
:64:C250313EUR000000000000,00
:65:C250314EUR000000000000,00
:65:C250315EUR000000000000,00
:65:C250316EUR000000000000,00
:65:C250317EUR000000000000,00
:20:940S250314
:25:NL40RABO0105688304 EUR
:28C:25073
:60F:C250313EUR000000000000,00
:61:250314C000000005000,00N541EREF//41573777499
DE91200300000602006868
:86:/EREF/109167-132711181-866865/TRCD/541/ORDP//NAME/MGM MODELS GMBH
/REMI/Part 1 of 2 statements 1679a,1680a,/24 Frederique Brons/ISD
T/2025-03-14
:62F:C250314EUR000000005000,00
:64:C250314EUR000000005000,00
:65:C250315EUR000000005000,00
:65:C250316EUR000000005000,00
:65:C250317EUR000000005000,00
:65:C250318EUR000000005000,00
:20:940S250315
:25:NL40RABO0105688304 EUR
:28C:25074
:60F:C250314EUR000000005000,00
:62F:C250315EUR000000005000,00
:64:C250315EUR000000005000,00
:65:C250316EUR000000005000,00
:65:C250317EUR000000005000,00
:65:C250318EUR000000005000,00
:65:C250319EUR000000005000,00
:20:940S250316
:25:NL40RABO0105688304 EUR
:28C:25075
:60F:C250315EUR000000005000,00
:62F:C250316EUR000000005000,00
:64:C250316EUR000000005000,00
:65:C250317EUR000000005000,00
:65:C250318EUR000000005000,00
:65:C250319EUR000000005000,00
:65:C250320EUR000000005000,00
:20:940S250317
:25:NL40RABO0105688304 EUR
:28C:25076
:60F:C250316EUR000000005000,00
:62F:C250317EUR000000005000,00
:64:C250317EUR000000005000,00
:65:C250318EUR000000005000,00
:65:C250319EUR000000005000,00
:65:C250320EUR000000005000,00
:65:C250321EUR000000005000,00
:20:940S250318
:25:NL40RABO0105688304 EUR
:28C:25077
:60F:C250317EUR000000005000,00
:62F:C250318EUR000000005000,00
:64:C250318EUR000000005000,00
:65:C250319EUR000000005000,00
:65:C250320EUR000000005000,00
:65:C250321EUR000000005000,00
:65:C250322EUR000000005000,00
:20:940S250319
:25:NL40RABO0105688304 EUR
:28C:25078
:60F:C250318EUR000000005000,00
:62F:C250319EUR000000005000,00
:64:C250319EUR000000005000,00
:65:C250320EUR000000005000,00
:65:C250321EUR000000005000,00
:65:C250322EUR000000005000,00
:65:C250323EUR000000005000,00
:20:940S250320
:25:NL40RABO0105688304 EUR
:28C:25079
:60F:C250319EUR000000005000,00
:62F:C250320EUR000000005000,00
:64:C250320EUR000000005000,00
:65:C250321EUR000000005000,00
:65:C250322EUR000000005000,00
:65:C250323EUR000000005000,00
:65:C250324EUR000000005000,00
:20:940S250321
:25:NL40RABO0105688304 EUR
:28C:25080
:60F:C250320EUR000000005000,00
:61:250321C000000001349,70N541EREF//41606069631
DE91200300000602006868
:86:/EREF/109216-132711188-923933/TRCD/541/ORDP//NAME/MGM MODELS GMBH
/REMI/Part 2 of 2 statements 1679a,1680a,/24 Frederique Brons/ISD
T/2025-03-21
:62F:C250321EUR000000006349,70
:64:C250321EUR000000006349,70
:65:C250322EUR000000006349,70
:65:C250323EUR000000006349,70
:65:C250324EUR000000006349,70
:65:C250325EUR000000006349,70
:20:940S250322
:25:NL40RABO0105688304 EUR
:28C:25081
:60F:C250321EUR000000006349,70
:62F:C250322EUR000000006349,70
:64:C250322EUR000000006349,70
:65:C250323EUR000000006349,70
:65:C250324EUR000000006349,70
:65:C250325EUR000000006349,70
:65:C250326EUR000000006349,70
:20:940S250323
:25:NL40RABO0105688304 EUR
:28C:25082
:60F:C250322EUR000000006349,70
:62F:C250323EUR000000006349,70
:64:C250323EUR000000006349,70
:65:C250324EUR000000006349,70
:65:C250325EUR000000006349,70
:65:C250326EUR000000006349,70
:65:C250327EUR000000006349,70
:20:940S250324
:25:NL40RABO0105688304 EUR
:28C:25083
:60F:C250323EUR000000006349,70
:62F:C250324EUR000000006349,70
:64:C250324EUR000000006349,70
:65:C250325EUR000000006349,70
:65:C250326EUR000000006349,70
:65:C250327EUR000000006349,70
:65:C250328EUR000000006349,70
:20:940S250325
:25:NL40RABO0105688304 EUR
:28C:25084
:60F:C250324EUR000000006349,70
:62F:C250325EUR000000006349,70
:64:C250325EUR000000006349,70
:65:C250326EUR000000006349,70
:65:C250327EUR000000006349,70
:65:C250328EUR000000006349,70
:65:C250329EUR000000006349,70
:20:940S250326
:25:NL40RABO0105688304 EUR
:28C:25085
:60F:C250325EUR000000006349,70
:62F:C250326EUR000000006349,70
:64:C250326EUR000000006349,70
:65:C250327EUR000000006349,70
:65:C250328EUR000000006349,70
:65:C250329EUR000000006349,70
:65:C250330EUR000000006349,70
:20:940S250327
:25:NL40RABO0105688304 EUR
:28C:25086
:60F:C250326EUR000000006349,70
:62F:C250327EUR000000006349,70
:64:C250327EUR000000006349,70
:65:C250328EUR000000006349,70
:65:C250329EUR000000006349,70
:65:C250330EUR000000006349,70
:65:C250331EUR000000006349,70
:20:940S250328
:25:NL40RABO0105688304 EUR
:28C:25087
:60F:C250327EUR000000006349,70
:62F:C250328EUR000000006349,70
:64:C250328EUR000000006349,70
:65:C250329EUR000000006349,70
:65:C250330EUR000000006349,70
:65:C250331EUR000000006349,70
:65:C250401EUR000000006349,70
:20:940S250329
:25:NL40RABO0105688304 EUR
:28C:25088
:60F:C250328EUR000000006349,70
:62F:C250329EUR000000006349,70
:64:C250329EUR000000006349,70
:65:C250330EUR000000006349,70
:65:C250331EUR000000006349,70
:65:C250401EUR000000006349,70
:65:C250402EUR000000006349,70
:20:940S250330
:25:NL40RABO0105688304 EUR
:28C:25089
:60F:C250329EUR000000006349,70
:62F:C250330EUR000000006349,70
:64:C250330EUR000000006349,70
:65:C250331EUR000000006349,70
:65:C250401EUR000000006349,70
:65:C250402EUR000000006349,70
:65:C250403EUR000000006349,70
:20:940S250331
:25:NL40RABO0105688304 EUR
:28C:25090
:60F:C250330EUR000000006349,70
:62F:C250331EUR000000006349,70
:64:C250331EUR000000006349,70
:65:C250401EUR000000006349,70
:65:C250402EUR000000006349,70
:65:C250403EUR000000006349,70
:65:C250404EUR000000006349,70
:20:940S250401
:25:NL40RABO0105688304 EUR
:28C:25091
:60F:C250331EUR000000006349,70
:61:250401D000000000020,84N093NONREF//NP8A000089869473
NL40RABO0105688304
:86:/TRCD/093/BENM//NAME/Rabobank/REMI/Kosten                        
     Periode 05-03-2025 t/m 31-03-2025/ISDT/2025-04-01
:62F:C250401EUR000000006328,86
:64:C250401EUR000000006328,86
:65:C250402EUR000000006328,86
:65:C250403EUR000000006328,86
:65:C250404EUR000000006328,86
:65:C250405EUR000000006328,86
