:940:
:20:940S250204
:25:NL75RABO0105653918 EUR
:28C:25035
:60F:C250203EUR000000000000,00
:62F:C250204EUR000000000000,00
:64:C250204EUR000000000000,00
:65:C250205EUR000000000000,00
:65:C250206EUR000000000000,00
:65:C250207EUR000000000000,00
:65:C250208EUR000000000000,00
:20:940S250205
:25:NL75RABO0105653918 EUR
:28C:25036
:60F:C250204EUR000000000000,00
:62F:C250205EUR000000000000,00
:64:C250205EUR000000000000,00
:65:C250206EUR000000000000,00
:65:C250207EUR000000000000,00
:65:C250208EUR000000000000,00
:65:C250209EUR000000000000,00
:20:940S250206
:25:NL75RABO0105653918 EUR
:28C:25037
:60F:C250205EUR000000000000,00
:62F:C250206EUR000000000000,00
:64:C250206EUR000000000000,00
:65:C250207EUR000000000000,00
:65:C250208EUR000000000000,00
:65:C250209EUR000000000000,00
:65:C250210EUR000000000000,00
:20:940S250207
:25:NL75RABO0105653918 EUR
:28C:25038
:60F:C250206EUR000000000000,00
:62F:C250207EUR000000000000,00
:64:C250207EUR000000000000,00
:65:C250208EUR000000000000,00
:65:C250209EUR000000000000,00
:65:C250210EUR000000000000,00
:65:C250211EUR000000000000,00
:20:940S250208
:25:NL75RABO0105653918 EUR
:28C:25039
:60F:C250207EUR000000000000,00
:62F:C250208EUR000000000000,00
:64:C250208EUR000000000000,00
:65:C250209EUR000000000000,00
:65:C250210EUR000000000000,00
:65:C250211EUR000000000000,00
:65:C250212EUR000000000000,00
:20:940S250209
:25:NL75RABO0105653918 EUR
:28C:25040
:60F:C250208EUR000000000000,00
:62F:C250209EUR000000000000,00
:64:C250209EUR000000000000,00
:65:C250210EUR000000000000,00
:65:C250211EUR000000000000,00
:65:C250212EUR000000000000,00
:65:C250213EUR000000000000,00
:20:940S250210
:25:NL75RABO0105653918 EUR
:28C:25041
:60F:C250209EUR000000000000,00
:62F:C250210EUR000000000000,00
:64:C250210EUR000000000000,00
:65:C250211EUR000000000000,00
:65:C250212EUR000000000000,00
:65:C250213EUR000000000000,00
:65:C250214EUR000000000000,00
:20:940S250211
:25:NL75RABO0105653918 EUR
:28C:25042
:60F:C250210EUR000000000000,00
:62F:C250211EUR000000000000,00
:64:C250211EUR000000000000,00
:65:C250212EUR000000000000,00
:65:C250213EUR000000000000,00
:65:C250214EUR000000000000,00
:65:C250215EUR000000000000,00
:20:940S250212
:25:NL75RABO0105653918 EUR
:28C:25043
:60F:C250211EUR000000000000,00
:62F:C250212EUR000000000000,00
:64:C250212EUR000000000000,00
:65:C250213EUR000000000000,00
:65:C250214EUR000000000000,00
:65:C250215EUR000000000000,00
:65:C250216EUR000000000000,00
:20:940S250213
:25:NL75RABO0105653918 EUR
:28C:25044
:60F:C250212EUR000000000000,00
:62F:C250213EUR000000000000,00
:64:C250213EUR000000000000,00
:65:C250214EUR000000000000,00
:65:C250215EUR000000000000,00
:65:C250216EUR000000000000,00
:65:C250217EUR000000000000,00
:20:940S250214
:25:NL75RABO0105653918 EUR
:28C:25045
:60F:C250213EUR000000000000,00
:62F:C250214EUR000000000000,00
:64:C250214EUR000000000000,00
:65:C250215EUR000000000000,00
:65:C250216EUR000000000000,00
:65:C250217EUR000000000000,00
:65:C250218EUR000000000000,00
:20:940S250215
:25:NL75RABO0105653918 EUR
:28C:25046
:60F:C250214EUR000000000000,00
:62F:C250215EUR000000000000,00
:64:C250215EUR000000000000,00
:65:C250216EUR000000000000,00
:65:C250217EUR000000000000,00
:65:C250218EUR000000000000,00
:65:C250219EUR000000000000,00
:20:940S250216
:25:NL75RABO0105653918 EUR
:28C:25047
:60F:C250215EUR000000000000,00
:62F:C250216EUR000000000000,00
:64:C250216EUR000000000000,00
:65:C250217EUR000000000000,00
:65:C250218EUR000000000000,00
:65:C250219EUR000000000000,00
:65:C250220EUR000000000000,00
:20:940S250217
:25:NL75RABO0105653918 EUR
:28C:25048
:60F:C250216EUR000000000000,00
:62F:C250217EUR000000000000,00
:64:C250217EUR000000000000,00
:65:C250218EUR000000000000,00
:65:C250219EUR000000000000,00
:65:C250220EUR000000000000,00
:65:C250221EUR000000000000,00
:20:940S250218
:25:NL75RABO0105653918 EUR
:28C:25049
:60F:C250217EUR000000000000,00
:62F:C250218EUR000000000000,00
:64:C250218EUR000000000000,00
:65:C250219EUR000000000000,00
:65:C250220EUR000000000000,00
:65:C250221EUR000000000000,00
:65:C250222EUR000000000000,00
:20:940S250219
:25:NL75RABO0105653918 EUR
:28C:25050
:60F:C250218EUR000000000000,00
:62F:C250219EUR000000000000,00
:64:C250219EUR000000000000,00
:65:C250220EUR000000000000,00
:65:C250221EUR000000000000,00
:65:C250222EUR000000000000,00
:65:C250223EUR000000000000,00
:20:940S250220
:25:NL75RABO0105653918 EUR
:28C:25051
:60F:C250219EUR000000000000,00
:62F:C250220EUR000000000000,00
:64:C250220EUR000000000000,00
:65:C250221EUR000000000000,00
:65:C250222EUR000000000000,00
:65:C250223EUR000000000000,00
:65:C250224EUR000000000000,00
:20:940S250221
:25:NL75RABO0105653918 EUR
:28C:25052
:60F:C250220EUR000000000000,00
:62F:C250221EUR000000000000,00
:64:C250221EUR000000000000,00
:65:C250222EUR000000000000,00
:65:C250223EUR000000000000,00
:65:C250224EUR000000000000,00
:65:C250225EUR000000000000,00
:20:940S250222
:25:NL75RABO0105653918 EUR
:28C:25053
:60F:C250221EUR000000000000,00
:62F:C250222EUR000000000000,00
:64:C250222EUR000000000000,00
:65:C250223EUR000000000000,00
:65:C250224EUR000000000000,00
:65:C250225EUR000000000000,00
:65:C250226EUR000000000000,00
:20:940S250223
:25:NL75RABO0105653918 EUR
:28C:25054
:60F:C250222EUR000000000000,00
:62F:C250223EUR000000000000,00
:64:C250223EUR000000000000,00
:65:C250224EUR000000000000,00
:65:C250225EUR000000000000,00
:65:C250226EUR000000000000,00
:65:C250227EUR000000000000,00
:20:940S250224
:25:NL75RABO0105653918 EUR
:28C:25055
:60F:C250223EUR000000000000,00
:62F:C250224EUR000000000000,00
:64:C250224EUR000000000000,00
:65:C250225EUR000000000000,00
:65:C250226EUR000000000000,00
:65:C250227EUR000000000000,00
:65:C250228EUR000000000000,00
:20:940S250225
:25:NL75RABO0105653918 EUR
:28C:25056
:60F:C250224EUR000000000000,00
:62F:C250225EUR000000000000,00
:64:C250225EUR000000000000,00
:65:C250226EUR000000000000,00
:65:C250227EUR000000000000,00
:65:C250228EUR000000000000,00
:65:C250301EUR000000000000,00
:20:940S250226
:25:NL75RABO0105653918 EUR
:28C:25057
:60F:C250225EUR000000000000,00
:62F:C250226EUR000000000000,00
:64:C250226EUR000000000000,00
:65:C250227EUR000000000000,00
:65:C250228EUR000000000000,00
:65:C250301EUR000000000000,00
:65:C250302EUR000000000000,00
:20:940S250227
:25:NL75RABO0105653918 EUR
:28C:25058
:60F:C250226EUR000000000000,00
:62F:C250227EUR000000000000,00
:64:C250227EUR000000000000,00
:65:C250228EUR000000000000,00
:65:C250301EUR000000000000,00
:65:C250302EUR000000000000,00
:65:C250303EUR000000000000,00
:20:940S250228
:25:NL75RABO0105653918 EUR
:28C:25059
:60F:C250227EUR000000000000,00
:62F:C250228EUR000000000000,00
:64:C250228EUR000000000000,00
:65:C250301EUR000000000000,00
:65:C250302EUR000000000000,00
:65:C250303EUR000000000000,00
:65:C250304EUR000000000000,00
:20:940S250301
:25:NL75RABO0105653918 EUR
:28C:25060
:60F:C250228EUR000000000000,00
:62F:C250301EUR000000000000,00
:64:C250301EUR000000000000,00
:65:C250302EUR000000000000,00
:65:C250303EUR000000000000,00
:65:C250304EUR000000000000,00
:65:C250305EUR000000000000,00
:20:940S250302
:25:NL75RABO0105653918 EUR
:28C:25061
:60F:C250301EUR000000000000,00
:62F:C250302EUR000000000000,00
:64:C250302EUR000000000000,00
:65:C250303EUR000000000000,00
:65:C250304EUR000000000000,00
:65:C250305EUR000000000000,00
:65:C250306EUR000000000000,00
:20:940S250303
:25:NL75RABO0105653918 EUR
:28C:25062
:60F:C250302EUR000000000000,00
:62F:C250303EUR000000000000,00
:64:C250303EUR000000000000,00
:65:C250304EUR000000000000,00
:65:C250305EUR000000000000,00
:65:C250306EUR000000000000,00
:65:C250307EUR000000000000,00
:20:940S250304
:25:NL75RABO0105653918 EUR
:28C:25063
:60F:C250303EUR000000000000,00
:61:250301D000000000020,54N093NONREF//NP8A000078608471
NL75RABO0105653918
:86:/TRCD/093/BENM//NAME/Rabobank/REMI/Kosten                        
     Periode 04-02-2025 t/m 28-02-2025/ISDT/2025-03-03
:62F:D250304EUR000000000020,54
:64:D250304EUR000000000020,54
:65:D250305EUR000000000020,54
:65:D250306EUR000000000020,54
:65:D250307EUR000000000020,54
:65:D250308EUR000000000020,54
:20:940S250305
:25:NL75RABO0105653918 EUR
:28C:25064
:60F:D250304EUR000000000020,54
:62F:D250305EUR000000000020,54
:64:D250305EUR000000000020,54
:65:D250306EUR000000000020,54
:65:D250307EUR000000000020,54
:65:D250308EUR000000000020,54
:65:D250309EUR000000000020,54
:20:940S250306
:25:NL75RABO0105653918 EUR
:28C:25065
:60F:D250305EUR000000000020,54
:62F:D250306EUR000000000020,54
:64:D250306EUR000000000020,54
:65:D250307EUR000000000020,54
:65:D250308EUR000000000020,54
:65:D250309EUR000000000020,54
:65:D250310EUR000000000020,54
:20:940S250307
:25:NL75RABO0105653918 EUR
:28C:25066
:60F:D250306EUR000000000020,54
:62F:D250307EUR000000000020,54
:64:D250307EUR000000000020,54
:65:D250308EUR000000000020,54
:65:D250309EUR000000000020,54
:65:D250310EUR000000000020,54
:65:D250311EUR000000000020,54
:20:940S250308
:25:NL75RABO0105653918 EUR
:28C:25067
:60F:D250307EUR000000000020,54
:62F:D250308EUR000000000020,54
:64:D250308EUR000000000020,54
:65:D250309EUR000000000020,54
:65:D250310EUR000000000020,54
:65:D250311EUR000000000020,54
:65:D250312EUR000000000020,54
:20:940S250309
:25:NL75RABO0105653918 EUR
:28C:25068
:60F:D250308EUR000000000020,54
:61:250309C000000020800,06N541NONREF//PEIP-20250309119
NL96ABNA0846199866
:86:/TRCD/541/ORDP//NAME/SKINS MODEL MANAGEMENT/REMI/Statement/ISDT/2
025-03-09
:62F:C250309EUR000000020779,52
:64:C250309EUR000000020779,52
:65:C250310EUR000000020779,52
:65:C250311EUR000000020779,52
:65:C250312EUR000000020779,52
:65:C250313EUR000000020779,52
:20:940S250310
:25:NL75RABO0105653918 EUR
:28C:25069
:60F:C250309EUR000000020779,52
:62F:C250310EUR000000020779,52
:64:C250310EUR000000020779,52
:65:C250311EUR000000020779,52
:65:C250312EUR000000020779,52
:65:C250313EUR000000020779,52
:65:C250314EUR000000020779,52
:20:940S250311
:25:NL75RABO0105653918 EUR
:28C:25070
:60F:C250310EUR000000020779,52
:62F:C250311EUR000000020779,52
:64:C250311EUR000000020779,52
:65:C250312EUR000000020779,52
:65:C250313EUR000000020779,52
:65:C250314EUR000000020779,52
:65:C250315EUR000000020779,52
:20:940S250312
:25:NL75RABO0105653918 EUR
:28C:25071
:60F:C250311EUR000000020779,52
:62F:C250312EUR000000020779,52
:64:C250312EUR000000020779,52
:65:C250313EUR000000020779,52
:65:C250314EUR000000020779,52
:65:C250315EUR000000020779,52
:65:C250316EUR000000020779,52
:20:940S250313
:25:NL75RABO0105653918 EUR
:28C:25072
:60F:C250312EUR000000020779,52
:62F:C250313EUR000000020779,52
:64:C250313EUR000000020779,52
:65:C250314EUR000000020779,52
:65:C250315EUR000000020779,52
:65:C250316EUR000000020779,52
:65:C250317EUR000000020779,52
:20:940S250314
:25:NL75RABO0105653918 EUR
:28C:25073
:60F:C250313EUR000000020779,52
:62F:C250314EUR000000020779,52
:64:C250314EUR000000020779,52
:65:C250315EUR000000020779,52
:65:C250316EUR000000020779,52
:65:C250317EUR000000020779,52
:65:C250318EUR000000020779,52
:20:940S250315
:25:NL75RABO0105653918 EUR
:28C:25074
:60F:C250314EUR000000020779,52
:62F:C250315EUR000000020779,52
:64:C250315EUR000000020779,52
:65:C250316EUR000000020779,52
:65:C250317EUR000000020779,52
:65:C250318EUR000000020779,52
:65:C250319EUR000000020779,52
:20:940S250316
:25:NL75RABO0105653918 EUR
:28C:25075
:60F:C250315EUR000000020779,52
:62F:C250316EUR000000020779,52
:64:C250316EUR000000020779,52
:65:C250317EUR000000020779,52
:65:C250318EUR000000020779,52
:65:C250319EUR000000020779,52
:65:C250320EUR000000020779,52
:20:940S250317
:25:NL75RABO0105653918 EUR
:28C:25076
:60F:C250316EUR000000020779,52
:62F:C250317EUR000000020779,52
:64:C250317EUR000000020779,52
:65:C250318EUR000000020779,52
:65:C250319EUR000000020779,52
:65:C250320EUR000000020779,52
:65:C250321EUR000000020779,52
:20:940S250318
:25:NL75RABO0105653918 EUR
:28C:25077
:60F:C250317EUR000000020779,52
:62F:C250318EUR000000020779,52
:64:C250318EUR000000020779,52
:65:C250319EUR000000020779,52
:65:C250320EUR000000020779,52
:65:C250321EUR000000020779,52
:65:C250322EUR000000020779,52
:20:940S250319
:25:NL75RABO0105653918 EUR
:28C:25078
:60F:C250318EUR000000020779,52
:62F:C250319EUR000000020779,52
:64:C250319EUR000000020779,52
:65:C250320EUR000000020779,52
:65:C250321EUR000000020779,52
:65:C250322EUR000000020779,52
:65:C250323EUR000000020779,52
:20:940S250320
:25:NL75RABO0105653918 EUR
:28C:25079
:60F:C250319EUR000000020779,52
:62F:C250320EUR000000020779,52
:64:C250320EUR000000020779,52
:65:C250321EUR000000020779,52
:65:C250322EUR000000020779,52
:65:C250323EUR000000020779,52
:65:C250324EUR000000020779,52
:20:940S250321
:25:NL75RABO0105653918 EUR
:28C:25080
:60F:C250320EUR000000020779,52
:62F:C250321EUR000000020779,52
:64:C250321EUR000000020779,52
:65:C250322EUR000000020779,52
:65:C250323EUR000000020779,52
:65:C250324EUR000000020779,52
:65:C250325EUR000000020779,52
:20:940S250322
:25:NL75RABO0105653918 EUR
:28C:25081
:60F:C250321EUR000000020779,52
:62F:C250322EUR000000020779,52
:64:C250322EUR000000020779,52
:65:C250323EUR000000020779,52
:65:C250324EUR000000020779,52
:65:C250325EUR000000020779,52
:65:C250326EUR000000020779,52
:20:940S250323
:25:NL75RABO0105653918 EUR
:28C:25082
:60F:C250322EUR000000020779,52
:62F:C250323EUR000000020779,52
:64:C250323EUR000000020779,52
:65:C250324EUR000000020779,52
:65:C250325EUR000000020779,52
:65:C250326EUR000000020779,52
:65:C250327EUR000000020779,52
:20:940S250324
:25:NL75RABO0105653918 EUR
:28C:25083
:60F:C250323EUR000000020779,52
:62F:C250324EUR000000020779,52
:64:C250324EUR000000020779,52
:65:C250325EUR000000020779,52
:65:C250326EUR000000020779,52
:65:C250327EUR000000020779,52
:65:C250328EUR000000020779,52
:20:940S250325
:25:NL75RABO0105653918 EUR
:28C:25084
:60F:C250324EUR000000020779,52
:62F:C250325EUR000000020779,52
:64:C250325EUR000000020779,52
:65:C250326EUR000000020779,52
:65:C250327EUR000000020779,52
:65:C250328EUR000000020779,52
:65:C250329EUR000000020779,52
:20:940S250326
:25:NL75RABO0105653918 EUR
:28C:25085
:60F:C250325EUR000000020779,52
:62F:C250326EUR000000020779,52
:64:C250326EUR000000020779,52
:65:C250327EUR000000020779,52
:65:C250328EUR000000020779,52
:65:C250329EUR000000020779,52
:65:C250330EUR000000020779,52
:20:940S250327
:25:NL75RABO0105653918 EUR
:28C:25086
:60F:C250326EUR000000020779,52
:62F:C250327EUR000000020779,52
:64:C250327EUR000000020779,52
:65:C250328EUR000000020779,52
:65:C250329EUR000000020779,52
:65:C250330EUR000000020779,52
:65:C250331EUR000000020779,52
:20:940S250328
:25:NL75RABO0105653918 EUR
:28C:25087
:60F:C250327EUR000000020779,52
:62F:C250328EUR000000020779,52
:64:C250328EUR000000020779,52
:65:C250329EUR000000020779,52
:65:C250330EUR000000020779,52
:65:C250331EUR000000020779,52
:65:C250401EUR000000020779,52
:20:940S250329
:25:NL75RABO0105653918 EUR
:28C:25088
:60F:C250328EUR000000020779,52
:62F:C250329EUR000000020779,52
:64:C250329EUR000000020779,52
:65:C250330EUR000000020779,52
:65:C250331EUR000000020779,52
:65:C250401EUR000000020779,52
:65:C250402EUR000000020779,52
:20:940S250330
:25:NL75RABO0105653918 EUR
:28C:25089
:60F:C250329EUR000000020779,52
:62F:C250330EUR000000020779,52
:64:C250330EUR000000020779,52
:65:C250331EUR000000020779,52
:65:C250401EUR000000020779,52
:65:C250402EUR000000020779,52
:65:C250403EUR000000020779,52
:20:940S250331
:25:NL75RABO0105653918 EUR
:28C:25090
:60F:C250330EUR000000020779,52
:62F:C250331EUR000000020779,52
:64:C250331EUR000000020779,52
:65:C250401EUR000000020779,52
:65:C250402EUR000000020779,52
:65:C250403EUR000000020779,52
:65:C250404EUR000000020779,52
:20:940S250401
:25:NL75RABO0105653918 EUR
:28C:25091
:60F:C250331EUR000000020779,52
:61:250401D000000000000,08N093NONREF//NP8A000092751465
NL75RABO0105653918
:86:/TRCD/093/BENM//NAME/Rabobank/REMI/Debetrente                    
     Periode 01-03-2025 t/m 31-03-2025/ISDT/2025-04-01
:61:250401D000000000020,87N093NONREF//NP8A000092751466
NL75RABO0105653918
:86:/TRCD/093/BENM//NAME/Rabobank/REMI/Kosten                        
     Periode 01-03-2025 t/m 31-03-2025/ISDT/2025-04-01
:62F:C250401EUR000000020758,57
:64:C250401EUR000000020758,57
:65:C250402EUR000000020758,57
:65:C250403EUR000000020758,57
:65:C250404EUR000000020758,57
:65:C250405EUR000000020758,57
