{1:F01INGBNL2ABXXX0000000000}
{2:I940INGBNL2AXXXN}
{4:
:20:P231027000000001
:25:NL50INGB0008762876EUR
:28C:00000
:60F:C230831EUR4,67
:61:2309280928D5,00NTRFEREF//23271023484600
/TRCD/00106/
:86:/EREF/28-09-2023 09:40 0140000804654373//CNTP/DE3120220800009
5020230/SXPYDEHH/car2go Nederland B.V.///REMI/USTD//5SMECHL 01400
00804654373 SHARENOW 482000019472/
:61:2309280928D59,02NTRFEREF//23271243481223
/TRCD/00106/
:86:/EREF/28-09-2023 09:40 0140000804654233//CNTP/DE3120220800009
5020230/SXPYDEHH/car2go Nederland B.V.///REMI/USTD//66A2TQO 01400
00804654233 SHARENOW 4000000007391/
:61:2309280928D243,10NTRFEREF//23271293476968
/TRCD/00106/
:86:/EREF/28-09-2023 09:39 0140000804654078//CNTP/DE3120220800009
5020230/SXPYDEHH/car2go Nederland B.V.///REMI/USTD//6ELDWM6 01400
00804654078 SHARENOW 4000000007437/
:61:2309260926D23,89NCHGEREF//23269600877774
/TRCD/09001/
:86:/EREF/da32298b6fe64b9cbd8bdce45fdad66f//REMI/USTD//Kosten Zak
elijk Betalingsverkeer   Factuurnr. 2132908583              Betre
ft IBAN: NL50INGB0008762876   Periode: 01-08-2023 / 31-08-2023/
:61:2309240924D800,00NTRFNONREF//23267296716929
/TRCD/00112/
:86:/CNTP/NL30INGB0656440287/INGBNL2A/A.J. Starrenburg//
:61:2309220922D3,99NDDTEREF//23265601181813
/TRCD/01018/
:86:/EREF/PDF44GMN8C5JNXPB2P//MARF/DF44GMN8C5JNXPB2//CSID/NL48ZZZ
342764500000//CNTP/NL46DEUT7370000100/DEUTNL2AXXX/HBO MAX///REMI/
USTD//HBO MAX b263ba35 3bc8 45d5 8bfd ce27f8eecc27//ULTC/ADYEN N.
V.//
:61:2309220922D59,90NDDTEREF//23265571153368
/TRCD/01018/
:86:/EREF/037U000866506206//MARF/000864641400115102019090231230//
CSID/NL30ZZZ333034790000//CNTP/NL98INGB0000845745/INGBNL2A/ZIGGO 
SERVICES BV///REMI/USTD//Klant Nr XXXXXX414/XXXXXX037 September F
actuur Nr 315262171586 zie ziggo.nl/mijnziggo/
:61:2309220922D34,45NDDTEREF//23265611062102
/TRCD/01018/
:86:/EREF/501529212101//MARF/1.20539328//CSID/NL93ZZZ332656790051
//CNTP/NL12COBA0733959555/COBANL2XXXX/ODIDO NETHERLANDS B.V.///RE
MI/USTD//Factuurnummer 901514065163//PURP/OTHR/
:61:2309200920D10,95NTRFEREF//23263178257549
/TRCD/00106/
:86:/EREF/20-09-2023 22:56 0020008839349110//CNTP/NL70RABO0115600
000/RABONL2U/Kenteken Check via Mollie///REMI/USTD//M03376644MHX4
6XS 0020008839349110 kenteken rapport: TD-087-N/
:61:2309200920D20250,00NTRFNONREF//23263435647124
/TRCD/00112/
:86:/CNTP/NL71INGB0004891519/INGBNL2A/ARTE-NOVA///REMI/USTD//2307
1/
:61:2309200920D710,30NTRFNONREF//23263255071320
/TRCD/00112/
:86:/CNTP/NL35RABO0332675572/RABONL2U/Diks Autoverhuur B.V.///REM
I/USTD//6001281/
:61:2309190919C0,01NTRFEREF//23262554572507
/TRCD/00100/
:86:/EREF/TX1363462830XT//CNTP/NL04ADYB2017400157/ADYBNL2AXXX/HBO
 MAX///REMI/USTD//TX1363462830XT Refund for HBO MAX ref:fb38696a-
64d6-4660-b613-0fdd3c9d7913-1695109767996/
:61:2309190919D605,00NTRFEREF//23262053841345
/TRCD/00106/
:86:/EREF/19-09-2023 10:40 0370112792589086//CNTP/NL81RABO0120668
343/RABONL2U/Holthaus Advies B.V.///REMI/USTD//2206255959X1a211 0
370112792589086 20329 - 2023-3688/
:61:2309190919D144,00NTRFEREF//23262333594433
/TRCD/00106/
:86:/EREF/19-09-2023 09:59 0370110325976545//CNTP/BE9773604371644
9/KREDBEBB/TicketingPayments via PAY.nl///REMI/USTD//2206209141X7
b928 0370110325976545 4 Tickets for ADNIGHT 2023 202/
:61:2309190919D0,01NTRFEREF//23262323538753
/TRCD/00106/
:86:/EREF/19-09-2023 09:49 0180326219138533//CNTP/NL04ADYB2017400
157/ADYBNL2A/HBO MAX///REMI/USTD//K558Q5GB53ZRC2C210SWY 018032621
9138533 fb38696a-64d6-4660-b613-0fdd3c9d/
:61:2309190919D3,49NDDTEREF//23262481187052
/TRCD/01018/
:86:/EREF/CV7F874ZBPV53CH52C//MARF/BRDNXLV4S5H89VB2//CSID/NL48ZZZ
342764500000//CNTP/NL97DEUT7370000249/DEUTNL2AXXX/SKYSHOWTIME///R
EMI/USTD//SKYSHOWTIME 4D88E NL//ULTC/ADYEN N.V.//
:61:2309190919D1,21NDDTEREF//23262591180231
/TRCD/01018/
:86:/EREF/4432543-3//MARF/4432543//CSID/NL75ZZZ341309930000//CNTP
/NL85INGB0008523141/INGBNL2A/HOSTNET BV///REMI/USTD//Factuur 6887
145 www.hostnet.nl/
:61:2309180918D1000,00NTRFNONREF//23261228532564
/TRCD/00112/
:86:/CNTP/NL30INGB0656440287/INGBNL2A/A.J. Starrenburg//
:61:2309180918D1000,00NTRFNONREF//23261304297925
/TRCD/00112/
:86:/CNTP/NL30INGB0656440287/INGBNL2A/A.J. Starrenburg//
:61:2309170917D250,00NTRFNONREF//23260376029124
/TRCD/00112/
:86:/CNTP/NL30INGB0656440287/INGBNL2A/A.J. Starrenburg//
:61:2309160916D58,50NDDTEREF//23259494923210
/TRCD/01018/
:86:/EREF/230908NL54RABO03170005500002000228//MARF/back73505587//
CSID/NL35ZZZ659587130000//CNTP/NL54RABO0317642170/RABONL2U/Swapfi
ets B.V.///REMI/USTD//8770/23512327 09-2023/
:61:2309160916D254,69NDDTEREF//23259494923260
/TRCD/01018/
:86:/EREF/230028371722//MARF/200001056277//CSID/NL03ZZZ3012435800
00//CNTP/NL59ABNA0590849875/ABNANL2A/NS GROEP IZ NS REIZIGERS///R
EMI/USTD//Factuur: 420011647441//PURP/OTHR/
:61:2309160916C30250,00NTRFNONREF//23259374385935
/TRCD/00112/
:86:/CNTP/NL71INGB0004891519/INGBNL2A/ARTE-NOVA///REMI/USTD//Invo
ice 202309/
:61:2309160916D10000,00NTRFNONREF//23259553450456
/TRCD/00112/
:86:/CNTP/NL71INGB0004891519/INGBNL2A/Arte-Nova///REMI/USTD//2306
9/
:61:2309160916C10000,00NTRFNONREF//23259223445323
/TRCD/00112/
:86:/CNTP/NL30INGB0656440287/INGBNL2A/Hr AJ Starrenburg//
:61:2309010901D2,99NDDTEREF//23244440811680
/TRCD/01018/
:86:/EREF/STR16NAOXBMRQXMRYCLMYRANB2X6KC28R4//MARF/TPPRRWDANAFTYF
H0//CSID/DE24ZZZ00000561652//CNTP/IE30CITI99005132956548/STTOIE22
/Amazon EU SARL///REMI/USTD//AmazonPrime/
:62F:C230930EUR4734,19
:64:C230930EUR4734,19
:65:C231001EUR4734,19
:65:C231002EUR4734,19
:86:/SUM/23/3/35520,49/40250,01/
-}