:20:1747731400804
:25:NL51TRIO0320692663
:28C:1
:60F:C250101EUR65255,36
:61:250101D44,25NKN0NONREF
:86:/REMI/USTD//Kosten van 01-10-2024 tot en met 31-12-2024/
:61:250104D1000,00NET0NONREF
:86:/CNTP/NL25ABNA0440982189/ABNANL2A/LF van Orden///EREF/2025010
4144645TRIONL2UXXXE000162949//REMI/USTD//Rc/
:61:250109D1000,00NET0NONREF
:86:/CNTP/NL25ABNA0440982189/ABNANL2A/LF van Orden///EREF/2025010
9172931TRIONL2UXXXE000017484//REMI/USTD//Rc/
:61:250110D36,99NEI0NONREF
:86:/CNTP/NL74INGB0671766562/INGBNL2A/Het Financieele Dagblad BV/
//EREF/4675057245790881//MARF/100307651//CSID/NL72ZZZ331764220000
//REMI/USTD//FACTU(U)R(EN): 0245790881 FACTURATIEABONNEMENT/
:61:250111D1000,00NET0NONREF
:86:/CNTP/NL25ABNA0440982189/ABNANL2A/LF van Orden///EREF/2025011
1161637TRIONL2UXXXE000042484//REMI/USTD//Rekening courant/
:61:250113D6612,96NET0NONREF
:86:/CNTP/ES1021000423940200428342/CAIXESBB/Alex garcia gispert//
/EREF/20250113212334TRIONL2UXXXE000068767//REMI/USTD//2025 2/
:61:250114D1141,00NID0NONREF
:86:/CNTP/NL04ADYB2017400157/ADYBNL2A/Coolblue///EREF/13-01-25 19
 17 7180354278525514//REMI/USTD//NNT7CGLWXFSNW9G62GKII 7180354278
525514 trnsnr:716415676/
:61:250114D1000,00NET0NONREF
:86:/CNTP/NL25ABNA0440982189/ABNANL2A/LF van Orden///EREF/2025011
4231037TRIONL2UXXXE000009303//REMI/USTD//Rekening courant/
:61:250115D9,97NEI0NONREF
:86:/CNTP/NL82INGB0009033900/INGBNL2A/DPG MEDIA BV///EREF/CPAY-SU
B-000006671-5753812766//MARF/40-002215687//CSID/NL16ZZZ1001778400
00//REMI/USTD//A1003480698 - de Volkskrant - 14-01-2025 - 13-02-2
025-1095528096/
:61:250116D5000,00NET0NONREF
:86:/CNTP/ES1021000423940200428342/CAIXESBB/Alex garcia gispert//
/EREF/20250116083301TRIONL2UXXXE000025513//REMI/USTD//Can llobet/
:61:250118D1000,00NET0NONREF
:86:/CNTP/NL25ABNA0440982189/ABNANL2A/LF van Orden///EREF/2025011
8161813TRIONL2UXXXE000060840//REMI/USTD//Rc/
:61:250119D5524,00NET0NONREF
:86:/CNTP/NL86INGB0002445588/INGBNL2A/Belastingdienst Apeldoorn//
/EREF/20250119121510TRIONL2UXXXE000066413//REMI/STRD//68654444464
01120/
:61:250120D98,36NID0NONREF
:86:/CNTP/NL51DEUT0265262461/DEUTNL2A/Porza B.V. via Stichting Mo
llie Pay///EREF/18-01-25 23:01 8152006684358084//REMI/USTD//2fb75
add7efa9116a54ccf7f7b01d3ed 8152006684358084 Bestelling -179868 z
oekonderdeel.nl Porza B.V./
:61:250121D579,00NBA0NONREF
:86:/REMI/USTD//APPLE STORE R408 - AMSTERDAM - 20-01-2025 11:59 -
 PASNR.  1381 - CONTACTLOOS/
:61:250121D98,95NBA0NONREF
:86:/REMI/USTD//APPLE STORE R408 - AMSTERDAM - 20-01-2025 12:01 -
 PASNR.  1381 - CONTACTLOOS/
:61:250122C25759,64NET0NONREF
:86:/CNTP/NL30ABNA0516118978/ABNANL2A/DE ROOS ADV NOT COOP UA///E
REF/2501210303877017//REMI/USTD//3038 20250002 20250001/
:61:250122D105,51NEI0NONREF
:86:/CNTP/NL74INGB0000243322/INGBNL2A/UNIVE NOORD-HOLLAND///EREF/
7700000116254088//MARF/51663-13313815//CSID/NL75ZZZ371187870000//
REMI/USTD//Unive Premie 20-01-2025   19-02-2025 Nota 116254088 UK
IN7700000116254088 U10745826 Op mijnunive.nl vindt u meer informa
tie./
:61:250123D180,00NBA0NONREF
:86:/REMI/USTD//Eetcafe Wijmpje Beukers - Amsterdam - Terminal 50
210106 - 22-01-2025 23:01 - PASNR.  1381 - CONTACTLOOS/
:61:250123D90,00NBA0NONREF
:86:/REMI/USTD//Hangar - Amsterdam - Terminal 51305105 - 22-01-20
25 13:36 - PASNR.  1381 - CONTACTLOOS/
:61:250124D1000,00NET0NONREF
:86:/CNTP/NL25ABNA0440982189/ABNANL2A/LF van Orden///EREF/2025012
4225758TRIONL2UXXXE000037509//REMI/USTD//Rc/
:61:250125D24,80NBA0NONREF
:86:/REMI/USTD//MOGADOR CAFE - HAARLEM - Terminal CT836342 - 24-0
1-2025 14:15 - PASNR.  1381 - CONTACTLOOS/
:61:250126D174,42NBA0NONREF
:86:/REMI/USTD//SHELL ZALTBOMMEL NL 7996 - BRUCHEM - 25-01-2025 1
8:48 - PASNR.  1381 - CONTACTLOOS/
:61:250127D646,62NID0NONREF
:86:/CNTP/NL17DEUT0265262879/DEUTNL2A/Ekris Webshop via MultiSafe
pay///EREF/26-01-25 16:34 8151716671976682//REMI/USTD//1070219359
 8151716671976682 Bestelling B839948 Ekris Webshop/
:61:250127D24,92NEI0NONREF
:86:/CNTP/NL82INGB0009033900/INGBNL2A/DPG MEDIA BV///EREF/CPAY-SU
B-000006710-5754510918//MARF/40-002277695//CSID/NL16ZZZ1001778400
00//REMI/USTD//A1003573318 - de Volkskrant - 11-01-2025 - 10-02-2
025-1095920028/
:61:250127D4416,00NET0NONREF
:86:/CNTP/NL49ASNB8821945707/ASNBNL21/Cm den outer///EREF/2025012
7193536TRIONL2UXXXE000008297//REMI/USTD//Gebruikelijk loon/
:61:250127D4416,00NET0NONREF
:86:/CNTP/NL25ABNA0440982189/ABNANL2A/LF van Orden///EREF/2025012
7193656TRIONL2UXXXE000008313//REMI/USTD//Gebruikelijk loon/
:61:250128D69,97NID0NONREF
:86:/CNTP/NL17DEUT0265262879/DEUTNL2A/Ekris Webshop via MultiSafe
pay///EREF/27-01-25 21:18 8151285180911018//REMI/USTD//1071248167
 8151285180911018 Bestelling B840083 Ekris Webshop/
:61:250128D9,85NEI0NONREF
:86:/CNTP/NL48DEUT7023243979/DEUTNL2A/De Correspondent via Mollie
///EREF/SD04-3072-8728-7697//MARF/MD31-5719-2519-6312//CSID/NL08Z
ZZ502057730000//REMI/USTD//DeCorrespondent crsb-231-587-8 Lidmaat
schap jan-feb25/
:61:250128D19,99NOT0NONREF
:86:/REMI/USTD//ADOBE   ADOBE - DUBLIN - Ierland - Terminal 35487
920 - 27-01-2025 17:04 - PASNR.  1381/
:61:250128D3000,00NET0NONREF
:86:/CNTP/NL25ABNA0440982189/ABNANL2A/LF van Orden///EREF/2025012
8212737TRIONL2UXXXE000007986//REMI/USTD//Rekening courant/
:61:250130D81,94NID0NONREF
:86:/CNTP/NL56DEUT0265186420/DEUTNL2A/NS Reizigers B.V.///EREF/29
 01-25 16:45 8030075492937109//REMI/USTD//E518758295 803007549293
7109 NS e-Tickets, Order: E518758295/
:61:250201D3011,00NET0NONREF
:86:/CNTP/NL86INGB0002445588/INGBNL2A/Belastingdienst Apeldoorn//
/EREF/20250201134537TRIONL2UXXXE000066527//REMI/STRD//45444445093
01120/
:61:250203D13006,00NID0NONREF
:86:/CNTP/NL86INGB0002445588/INGBNL2A/Belastingdienst///EREF/31-0
1-25 19:45 7051916098990266//REMI/USTD//0865444441401300 70519160
98990266 aangifte OB kwartaal 4 2024/
:61:250203D21,30NBA0NONREF
:86:/REMI/USTD//ESSO AMSTERDAM SARPHATIST - AMSTERDAM - Terminal 
10031412 - 02-02-2025 21:35 - PASNR.  1381 - CONTACTLOOS/
:61:250207D36,99NEI0NONREF
:86:/CNTP/NL74INGB0671766562/INGBNL2A/Het Financieele Dagblad BV/
//EREF/4675057245841971//MARF/100307651//CSID/NL72ZZZ331764220000
//REMI/USTD//FACTU(U)R(EN): 0245841971 FACTURATIEABONNEMENT/
:61:250210D1000,00NET0NONREF
:86:/CNTP/NL25ABNA0440982189/ABNANL2A/LF van Orden///EREF/2025021
0121141TRIONL2UXXXE000075526//REMI/USTD//Rc/
:61:250211D7,00NBA0NONREF
:86:/REMI/USTD//INTERPARKING OLYM ST - AMSTERDAM - Terminal CT858
949 - 10-02-2025 14:10 - PASNR.  1381/
:61:250211D1000,00NET0NONREF
:86:/CNTP/NL25ABNA0440982189/ABNANL2A/LF van Orden///EREF/2025021
1181732TRIONL2UXXXE000004487//REMI/USTD//Rekening courant/
:61:250212D24,92NEI0NONREF
:86:/CNTP/NL82INGB0009033900/INGBNL2A/DPG MEDIA BV///EREF/CPAY-SU
B-000006767-5755853511//MARF/40-002277695//CSID/NL16ZZZ1001778400
00//REMI/USTD//A1003573318 - de Volkskrant - 11-02-2025 - 10-03-2
025-1096533016/
:61:250212D9,97NEI0NONREF
:86:/CNTP/NL82INGB0009033900/INGBNL2A/DPG MEDIA BV///EREF/CPAY-SU
B-000006776-5755990737//MARF/40-002215687//CSID/NL16ZZZ1001778400
00//REMI/USTD//A1003480698 - de Volkskrant - 14-02-2025 - 13-03-2
025-1096610181/
:61:250212D59,00NBA0NONREF
:86:/REMI/USTD//AMSTERDAM - AMSTERDAM - Terminal 90140297 - 11-02
 2025 16:59 - PASNR.  1381 - CONTACTLOOS/
:61:250214D96,98NBA0NONREF
:86:/REMI/USTD//Grapedistrict Veemkade - Amsterdam - Terminal 502
09392 - 13-02-2025 14:37 - PASNR.  1381 - CONTACTLOOS/
:61:250214D320,00NBA0NONREF
:86:/REMI/USTD//Restaurant Gebr Hartering - Amsterdam - Terminal 
51413488 - 13-02-2025 19:41 - PASNR.  1381 - CONTACTLOOS/
:61:250215D2000,00NET0NONREF
:86:/CNTP/NL25ABNA0440982189/ABNANL2A/LF van Orden///EREF/2025021
5211400TRIONL2UXXXE000058892//REMI/USTD//Rekening courant/
:61:250215D1000,00NET0NONREF
:86:/CNTP/NL25ABNA0440982189/ABNANL2A/LF van Orden///EREF/2025021
5213444TRIONL2UXXXE000059018//REMI/USTD//Rekening courant/
:61:250217D1000,00NET0NONREF
:86:/CNTP/NL25ABNA0440982189/ABNANL2A/LF van Orden///EREF/2025021
7120852TRIONL2UXXXE000073430//REMI/USTD//Rekening courant/
:61:250219D4416,00NET0NONREF
:86:/CNTP/NL49ASNB8821945707/ASNBNL21/Cm den outer///EREF/2025021
9081732TRIONL2UXXXE000008032//REMI/USTD//Gebruikelijk loon/
:61:250219C26010,96NET0NONREF
:86:/CNTP/NL30ABNA0516118978/ABNANL2A/DE ROOS ADV NOT COOP UA///E
REF/2502170303884013//REMI/USTD//3038 20250003 20250004/
:61:250219D4416,00NET0NONREF
:86:/CNTP/NL25ABNA0440982189/ABNANL2A/LF van Orden///EREF/2025021
9081905TRIONL2UXXXE000008046//REMI/USTD//Gebruikelijk loon/
:61:250219D105,51NEI0NONREF
:86:/CNTP/NL74INGB0000243322/INGBNL2A/UNIVE NOORD-HOLLAND///EREF/
6700000117564470//MARF/51663-13313815//CSID/NL75ZZZ371187870000//
REMI/USTD//Unive Premie 20-02-2025   19-03-2025 Nota 117564470 UK
IN6700000117564470 U10745826 Op mijnunive.nl vindt u meer informa
tie./
:61:250219D130,00NBA0NONREF
:86:/REMI/USTD//Cafe Koosje - Amsterdam - Terminal 52013179 - 18-
02-2025 23:33 - PASNR.  1381 - CONTACTLOOS/
:61:250226D9,85NEI0NONREF
:86:/CNTP/NL48DEUT7023243979/DEUTNL2A/De Correspondent via Mollie
///EREF/SD77-9119-0633-3718//MARF/MD31-5719-2519-6312//CSID/NL08Z
ZZ502057730000//REMI/USTD//DeCorrespondent crsb-233-697-9 Lidmaat
schap feb-mrt25/
:61:250228D19,99NOT0NONREF
:86:/REMI/USTD//ADOBE   ADOBE - DUBLIN - Ierland - Terminal 37853
112 - 27-02-2025 23:33 - PASNR.  1381/
:62F:C250228EUR46929,95
-

